% computing.bib

@TECHREPORT { apache_url,
   AUTHOR      = {},
   TITLE       = { Apache web server. },
   INSTITUTION = {},
   ADDRESS     = { http://www.apache.org/ },
   YEAR        = {},
   MONTH       = {},
   TYPE        = { {URL} },
   NUMBER      = {},
   ANNOTE      = {}
   }

@TECHREPORT { dods_url,
   AUTHOR      = {},
   TITLE       = { {Distributed} {Oceanographic} {Data} {System} -- {DODS} },
   INSTITUTION = {},
   ADDRESS     = { http://www.unidata.ucar.edu/packages/dods/ },
   YEAR        = {},
   MONTH       = {},
   TYPE        = { {URL} },
   NUMBER      = {},
   HOWPUBLISHED= {},
   ANNOTE      = {}
   }

@TECHREPORT {hillyard_2006a,
   AUTHOR      = { L. Hillyard },
   TITLE       = { Embedded hardware manager for a high-speed data acquisition system. },
   INSTITUTION = { The University of Queensland },
   ADDRESS     = { School of Information Technology and Electrical Engineering },
   YEAR        = { 2006 },
   MONTH       = { October },
   TYPE        = { Final-Year Thesis },
   NUMBER      = {},
   ANNOTE      = {}
   }

@TECHREPORT { grads_dods_url,
   AUTHOR      = {},
   TITLE       = { {GrADS}-{DODS} {Server} {(GDS)}. },
   INSTITUTION = {},
   ADDRESS     = { http://www.grads.iges.org/grads/gds/ },
   YEAR        = {},
   MONTH       = {},
   TYPE        = { {URL} },
   NUMBER      = {},
   ANNOTE      = {}
   }

@BOOK { maggiano_2000,
   AUTHOR    = { Maggiano, D. },
   TITLE     = { {CGI} programming with {Tcl}. },
   PUBLISHER = { Addison Wesley Longman },
   ADDRESS   = { Reading, Massachusetts },
   YEAR      = { 2000 },
   ISBN      = { 0-201-600629-1 },
   ANNOTE    = {}
   }

@TECHREPORT { matlab_url,
   AUTHOR      = {},
   TITLE       = { {MATLAB}. },
   INSTITUTION = {},
   ADDRESS     = { http://www.mathworks.com/ },
   YEAR        = {},
   MONTH       = {},
   TYPE        = { {URL} },
   NUMBER      = {},
   ANNOTE      = {}
   }

@TECHREPORT { octave_url,
   AUTHOR      = {},
   TITLE       = { {Octave}. },
   INSTITUTION = {},
   ADDRESS     = { http://octave.sourceforge.net/ },
   YEAR        = {},
   MONTH       = {},
   TYPE        = { {URL} },
   NUMBER      = {},
   ANNOTE      = {}
   }

@TECHREPORT { php_url,
   AUTHOR      = {},
   TITLE       = { {PHP} home page. },
   INSTITUTION = {},
   ADDRESS     = { http://www.php.net/ },
   YEAR        = {},
   MONTH       = {},
   TYPE        = { {URL} },
   NUMBER      = {},
   ANNOTE      = {}
   }

@BOOK { welch_2000a,
   AUTHOR    = { Welch, B. B. },
   TITLE     = { Practical Programming in {Tcl} and {Tk}. },
   PUBLISHER = { Prentice Hall PTR },
   ADDRESS   = { Upper Saddle River, NJ },
   YEAR      = { 2000 },
   ISBN      = { 0-13-022028-0 },
   ANNOTE    = {}
   }

@ARTICLE { yang_etal_2003a,
   AUTHOR  = { Yang, R. and Kafatos, M. and Doty, B. and Kinter III, J. L.
               and Pham, L. },
   TITLE   = { A distributed enhanced server for multidimensional 
               scientific data. },
   JOURNAL = { Computing in Science and Engineering },
   YEAR    = { 2003 },
   MONTH   = { March/April },
   VOLUME  = {},
   NUMBER  = {},
   PAGES   = { 44--52 },
   ANNOTE  = {}
   }

