% computing.bib

@TECHREPORT { apache_url,
   AUTHOR      = {},
   TITLE       = { Apache web server. },
   INSTITUTION = {},
   ADDRESS     = { http://www.apache.org/ },
   YEAR        = {},
   MONTH       = {},
   TYPE        = { {URL} },
   NUMBER      = {},
   ANNOTE      = {}
   }

@TECHREPORT { atmega88-datasheet,
   AUTHOR      = { Atmel },
   TITLE       = { Atmega48/88/168 },
   INSTITUTION = {},
   ADDRESS     = { http://www.atmel.com/ },
   YEAR        = {},
   MONTH       = {},
   TYPE        = { Datasheet },
   NUMBER      = { doc2545 },
   ANNOTE      = {}
   }

@BOOK { barnett_etal_2003a,
   AUTHOR    = { Barnett, Richard F. and O'Cull, Larry and Cox, Sarah },
   TITLE     = { Embedded {C} Programming and the {Atmel} {AVR} },
   PUBLISHER = { Clifton Park, Delmar },
   ADDRESS   = { New York },
   YEAR      = { 2003 },
   ISBN      = { 1401812066 },
   ANNOTE    = { QA76.73.C15 B378 2003 }
   }

@BOOK { barrett_pack_2008a,
   AUTHOR    = { Barrett, Steven F. and Pack, Daniel J. },
   TITLE     = { Atmel {AVR} Microcontroller Primer: 
                 Programming and Interfacing },
   PUBLISHER = { Morgan \& Claypool },
   ADDRESS   = {},
   YEAR      = { 2008 },
   ISBN      = { 9781598295429 },
   ANNOTE    = { Lecture 15 in the Synthesis Lectures on Digital Circuits 
                 and Systems.
                 Available as an ebook. }
   }

@TECHREPORT { dods_url,
   AUTHOR      = {},
   TITLE       = { {Distributed} {Oceanographic} {Data} {System} -- {DODS} },
   INSTITUTION = {},
   ADDRESS     = { http://www.unidata.ucar.edu/packages/dods/ },
   YEAR        = {},
   MONTH       = {},
   TYPE        = { {URL} },
   NUMBER      = {},
   HOWPUBLISHED= {},
   ANNOTE      = {}
   }

@TECHREPORT { grads_dods_url,
   AUTHOR      = {},
   TITLE       = { {GrADS}-{DODS} {Server} {(GDS)}. },
   INSTITUTION = {},
   ADDRESS     = { http://www.grads.iges.org/grads/gds/ },
   YEAR        = {},
   MONTH       = {},
   TYPE        = { {URL} },
   NUMBER      = {},
   ANNOTE      = {}
   }

@TechReport{fehlberg_69a,
  author = {Fehlberg, E.},
  title = {Low-order Classical {Runge-Kutta} Formulas with Stepsize Control and their Application to Some Heat Transfer Problems},
  institution =  {NASA},
  year = {1969},
  type = {Technical Report},
  number = {R-315}
}

@TECHREPORT { grads_dods_url,
   AUTHOR      = {},
   TITLE       = { {GrADS}-{DODS} {Server} {(GDS)}. },
   INSTITUTION = {},
   ADDRESS     = { http://www.grads.iges.org/grads/gds/ },
   YEAR        = {},
   MONTH       = {},
   TYPE        = { {URL} },
   NUMBER      = {},
   ANNOTE      = {}
   }

@Article{graham_1969,
  author = {Graham, R. L.},
  title = {Bounds on multiprocessing timing anomalies},
  journal = {SIAM Journal on Applied Mathematics},
  year = {1969},
  volume = {17},
  number = {2},
  pages = {416--429}
}

@TECHREPORT {hillyard_2006a,
   AUTHOR      = { L. Hillyard },
   TITLE       = { Embedded hardware manager for a high-speed data acquisition system. },
   INSTITUTION = { The University of Queensland },
   ADDRESS     = { School of Information Technology and Electrical Engineering },
   YEAR        = { 2006 },
   MONTH       = { October },
   TYPE        = { Final-Year Thesis },
   NUMBER      = {},
   ANNOTE      = {}
   }

@Article{ierusalimschy_etal_1996,
   author = {Ierusalimschy, R. and de Figueiredo, L. H. and Filho, W.C.},
   title = {Lua - an extensible extension language},
   journal = {Software: Practice \& Experience},
   year = {1996},
   volume = {26},
   number = {6},
   pages = {635--652}
}

@BOOK { kernighan_richie_1988,
   AUTHOR    = { Kernighan, B. W. and Richie, D. M. },
   TITLE     = { The {C} Programming Language. },
   PUBLISHER = { Prentice Hall PTR },
   ADDRESS   = { Upper Saddle River, New Jersey },
   YEAR      = { 1988 },
   ISBN      = { 0-13-110362-8 },
   ANNOTE    = {}
   }

@BOOK { lerman_1993,
   AUTHOR    = { Lerman, Steven R. },
   TITLE     = { Problem solving and computation for scientists and engineers :
                 an introduction using {C}. },
   PUBLISHER = { Prentice-Hall },
   ADDRESS   = { Englewood Cliffs, New Jersey },
   YEAR      = { 1993 },
   ISBN      = { 0-13-482126-2 },
   ANNOTE    = { Q183.9.L45 1993 }
   }

@BOOK { maggiano_2000,
   AUTHOR    = { Maggiano, D. },
   TITLE     = { {CGI} programming with {Tcl}. },
   PUBLISHER = { Addison Wesley Longman },
   ADDRESS   = { Reading, Massachusetts },
   YEAR      = { 2000 },
   ISBN      = { 0-201-600629-1 },
   ANNOTE    = {}
   }

@TECHREPORT { matlab_url,
   AUTHOR      = {},
   TITLE       = { {MATLAB}. },
   INSTITUTION = {},
   ADDRESS     = { http://www.mathworks.com/ },
   YEAR        = {},
   MONTH       = {},
   TYPE        = { {URL} },
   NUMBER      = {},
   ANNOTE      = {}
   }

@PhdThesis{mott_99a,
  author = {Mott, D. R.},
  title = {New Quasi-Steady-State and Partial-Equilibrium Methods for Integrating Chemically Reacting Systems},
  school = {University of Michigan},
  year = {1999}
}

@TECHREPORT { octave_url,
   AUTHOR      = {},
   TITLE       = { {Octave}. },
   INSTITUTION = {},
   ADDRESS     = { http://octave.sourceforge.net/ },
   YEAR        = {},
   MONTH       = {},
   TYPE        = { {URL} },
   NUMBER      = {},
   ANNOTE      = {}
   }

@TECHREPORT { php_url,
   AUTHOR      = {},
   TITLE       = { {PHP} home page. },
   INSTITUTION = {},
   ADDRESS     = { http://www.php.net/ },
   YEAR        = {},
   MONTH       = {},
   TYPE        = { {URL} },
   NUMBER      = {},
   ANNOTE      = {}
   }

@BOOK { simon_1999a,
   AUTHOR    = { Simon, David E. },
   TITLE     = { An embedded software primer },
   PUBLISHER = { Addison-Wesley },
   ADDRESS   = {},
   YEAR      = { 1999 },
   ISBN      = { 020161569X },
   ANNOTE    = { 6th printing Feb 2002 }
   }

@BOOK { sobell_2005a,
   AUTHOR    = { Sobell, Mark G. },
   TITLE     = { A Practical Guide to {Linux} Commands, Editors and Shell Programming. },
   PUBLISHER = { Prentice Hall },
   ADDRESS   = { Upper Saddle River, New Jersey },
   YEAR      = { 2005 },
   ISBN      = { 0-13-147823-0 },
   ANNOTE    = {}
   }

@BOOK { welch_2000a,
   AUTHOR    = { Welch, B. B. },
   TITLE     = { Practical Programming in {Tcl} and {Tk}. },
   PUBLISHER = { Prentice Hall PTR },
   ADDRESS   = { Upper Saddle River, NJ },
   YEAR      = { 2000 },
   ISBN      = { 0-13-022028-0 },
   ANNOTE    = {}
   }

@ARTICLE { yang_etal_2003a,
   AUTHOR  = { Yang, R. and Kafatos, M. and Doty, B. and Kinter III, J. L.
               and Pham, L. },
   TITLE   = { A distributed enhanced server for multidimensional 
               scientific data. },
   JOURNAL = { Computing in Science and Engineering },
   YEAR    = { 2003 },
   MONTH   = { March/April },
   VOLUME  = {},
   NUMBER  = {},
   PAGES   = { 44--52 },
   ANNOTE  = {}
   }

