%% This BibTeX bibliography file was created using BibDesk.
%% http://bibdesk.sourceforge.net/


%% Created for Daniel Potter at 2010-03-23 16:32:07 +1000 


%% Saved with string encoding Unicode (UTF-8) 



@phdthesis{Scott_PhD,
	Address = {St Lucia, QLD},
	Author = {Scott, M.P.},
	Date-Added = {2010-03-23 16:23:09 +1000},
	Date-Modified = {2010-03-23 16:24:23 +1000},
	Month = {June},
	School = {School of Engineering},
	Title = {Development and Modelling of Expansion Tubes},
	Type = {PhD Thesis},
	Year = {2006}}

@article{park_1989,
	Author = {Park, C.S.},
	Date-Added = {2010-03-15 12:23:14 +1000},
	Date-Modified = {2010-03-15 12:23:14 +1000},
	Journal = {Journal of Thermophysics and Heat Transfer},
	Number = {3},
	Pages = {233-244},
	Title = {Assessment of two-temperature kinetic model for ionizing air},
	Volume = {3},
	Year = 1989}

@article{mirels_63a,
	Author = {Mirels, H.},
	Date-Added = {2010-03-15 11:49:27 +1000},
	Date-Modified = {2010-03-15 11:49:27 +1000},
	Journal = {Physics of Fluids},
	Key = {Shock tubes},
	Number = {9},
	Pages = {1201 - 1214},
	Title = {Test time in low-pressure shock tubes},
	Volume = {6},
	Year = 1963}

@article{park_1994,
	Author = {Park, C.S. and Howe, J.T. and Jaffe, R.L. and Candler, G.V.},
	Date-Added = {2010-03-15 09:18:55 +1000},
	Date-Modified = {2010-03-15 09:18:55 +1000},
	Journal = {Journal of Thermophysics and Heat Transfer},
	Number = {1},
	Pages = {9 - 22},
	Title = {Review of chemical-kinetic problems of future {NASA} missions, {II}: {M}ars entries},
	Volume = {8},
	Year = 1994}

@article{ABRG+06,
	Author = {{A.M. Brandis} and {R.J. Gollan} and {M.P. Scott} and {R.G. Morgan} and {P.A. Jacobs} and {P.A. Gnoffo}},
	Date-Added = {2010-03-15 09:14:42 +1000},
	Date-Modified = {2010-03-15 09:14:42 +1000},
	Journal = {42nd Joint Propulsion Conference and Exhibit, 9 - 12 July 2006, Sacramento, California},
	Title = {Expansion tube operating conditions for studying nonequilibrium radiation relevant to {T}itan {A}erocapture},
	Year = 2006}

@unpublished{Jacobs2005,
	Author = {Jacobs, P.A. and Silvester, T.B. and Morgan, R.G. and Scott, M.P. and Gollan, R.J. and McIntyre, T.J.},
	Date-Added = {2010-03-15 09:14:37 +1000},
	Date-Modified = {2010-03-15 09:14:37 +1000},
	Note = {Paper presented to the 43rd AIAA Aerospace Sciences Meeting, Reno, NV, 10-13 January},
	Title = {Superorbital expansion tube operation: estimates of flow conditions via numerical simulation},
	Year = 2005}

@techreport{pj_mbcns,
	Address = {St Lucia, QLD},
	Author = {Jacobs, P.A.},
	Date-Added = {2010-03-15 09:14:21 +1000},
	Date-Modified = {2010-03-15 09:14:21 +1000},
	Institution = {The University of Queensland},
	Number = {7/98},
	Title = {M{B}\_{C}{NS}: a computer program for the simulation of transient, compressible flows},
	Type = {Department of Mechanical Engineering Report},
	Year = 1998}

@article{bakos,
	Author = {Bakos, R.J. and Morgan, R.G.},
	Date-Added = {2010-03-15 09:14:05 +1000},
	Date-Modified = {2010-03-15 09:14:05 +1000},
	Journal = {AIAA Journal},
	Number = {6},
	Pages = {1316 - 1319},
	Title = {Chemical recombination in an expansion tube},
	Volume = {32},
	Year = 1994}

@techreport{CEA,
	Address = {United States},
	Author = {Gordon, S. and Mcbride, B.J.},
	Date-Added = {2010-03-15 09:13:57 +1000},
	Date-Modified = {2010-03-15 09:13:57 +1000},
	Number = {1311},
	Pages = {64},
	Title = {Computer program for calculation of complex chemical equilibrium compositions and applications. {P}art 1: {A}nalysis.},
	Type = {NASA Reference Publication},
	Year = 1994}

@techreport{pj_l1d,
	Author = {Jacobs, P.A.},
	Date-Added = {2010-03-15 09:13:40 +1000},
	Date-Modified = {2010-03-15 09:13:40 +1000},
	Institution = {University of Queensland},
	Month = nov,
	Number = {13/98},
	Title = {Shock {T}ube {M}odelling with {L}1d},
	Type = {Department of Mechanical Engineering Report},
	Year = 1998}

@article{AUSMDV,
	Author = {Wada, Y. and Liou, M.-S.},
	Date-Added = {2010-03-15 08:38:53 +1000},
	Date-Modified = {2010-03-15 08:38:53 +1000},
	Journal = {SIAM Journal on Scientific Computing},
	Number = {3},
	Pages = {633-657},
	Title = {An accurate and robust flux splitting scheme for shock and contact discontinuities},
	Volume = {18},
	Year = {1997}}

@article{EFM,
	Author = {Macrossan, M.N.},
	Date-Added = {2010-03-15 08:38:46 +1000},
	Date-Modified = {2010-03-15 08:38:46 +1000},
	Journal = {Journal of Computational Physics},
	Month = {January},
	Number = {1},
	Pages = {204-231},
	Title = {The equilibrium flux method for the calculation of flows with non-equilibrium chemical reactions},
	Volume = {80},
	Year = {1989}}

@techreport{cns4u,
	Author = {Jacobs, P.A.},
	Date-Added = {2010-03-15 08:38:29 +1000},
	Date-Modified = {2010-03-15 08:38:29 +1000},
	Number = {18},
	Title = {Single-block Navier--Stokes integrator},
	Type = {ICASE Interim Report},
	Year = {1991}}

@book{OB2001,
	Address = {New York, USA},
	Author = {Oran, E. and Boris, J.},
	Date-Added = {2010-03-15 08:38:17 +1000},
	Date-Modified = {2010-03-15 08:38:17 +1000},
	Edition = {2nd},
	Publisher = {Cambridge University Press},
	Title = {Numerical Simulation of Reactive Flow},
	Year = {2001}}

@inproceedings{TC2M1,
	Address = {Rome, Italy},
	Author = {Boubert, Pascal},
	Booktitle = {Rebuilding of {S}elected {T}est {C}ases, {R}adiation {W}orkshop in {R}oma},
	Copyright = {Compilation and indexing terms, Copyright 2007 Elsevier Inc. All rights reserved},
	Date-Added = {2010-03-14 19:23:56 +1000},
	Date-Modified = {2010-03-14 19:23:56 +1000},
	Issn = {0379-6566},
	Language = {English},
	Organization = {European Space Agency},
	Pages = {12 -},
	Title = {T{C}2 - {M}1: {D}efinition of shock tunnel test-cases for gas radiation prediction in {M}ars-like atmosphere},
	Volume = {ESA SP 629},
	Year = 2006}

@article{brandis_2008a,
	Author = {Brandis, A.M. and Morgan, R.G. and McIntyre, T.J. and Jacobs, P.A.},
	Date-Added = {2010-03-14 19:00:26 +1000},
	Date-Modified = {2010-03-14 19:00:26 +1000},
	Journal = {40th Thermophysics Conference, Seattle, Washington},
	Month = {23 - 26 June},
	Title = {Nonequilibrium radiation intensity measurements in simulated {T}itan atmospheres},
	Year = {2008}}

@article{gokcen_2004,
	Author = {G\"{o}k\c{c}en, Tahir},
	Date-Added = {2010-03-14 17:45:32 +1000},
	Date-Modified = {2010-03-14 17:45:32 +1000},
	Journal = {37th AIAA Thermophysics Conference, 28 June - 1 July 2004, Portland, Oregon},
	Title = {N$_{2}$ - {CH}$_{4}$ -{A}r {C}hemical {K}inetic {M}odel for {S}imulations of {A}tmospheric {E}ntry to {T}itan},
	Year = 2004}

@article{GJJ+07,
	Author = {Gollan, R.J. and Jacobs, C.M. and Jacobs, P.A. and Morgan, R.G. and McIntyre, T.J. and Macrossan, M.N. and Buttsworth, D.R. and Eichmann, T.N. and Potter, D.F.},
	Date-Added = {2010-03-14 17:44:33 +1000},
	Date-Modified = {2010-03-14 17:44:33 +1000},
	Journal = {26th International Symposium on Shock Waves (ISSW26)},
	Month = jul,
	Title = {A simulation technique for radiating shock tube flows},
	Year = 2007}

@article{Ole03,
	Address = {Huntsville, Alabama},
	Author = {Olejniczak, J and Wright, M and Prabhu, D and Takashima, N and Hollis, B and Zoby, E V and Sutton, K},
	Date-Added = {2010-03-14 17:40:26 +1000},
	Date-Modified = {2010-03-14 17:40:26 +1000},
	Journal = {AIAA Paper No. 2003-4953},
	Organization = {AIAA},
	Series = {39th AIAA/ASME/SAE/ASEE Joint Propulsion Conference and Exhibit},
	Title = {An {A}nalysis of the {R}adiative {H}eating {E}nvironment for {A}erocapture at {T}itan},
	Year = 2003}

@techreport{AMOD_TN35,
	Address = {European Space Research and Technology Centre, Noordwijk, The Netherlands},
	Author = {Potter, D.F.},
	Date-Added = {2010-03-14 17:11:11 +1000},
	Date-Modified = {2010-03-23 16:32:00 +1000},
	Institution = {European Space Agency},
	Month = {May},
	Number = {3.5},
	Title = {{V}alidation of {A}erothermo-{C}hemistry {M}odels for {R}e-{E}ntry {A}pplications -- {TN} 3.5: {C}omparison with {E}xperiments},
	Type = {Technical Note},
	Year = {2009}}

@phdthesis{gollan_phd,
	Author = {Gollan, R.J.},
	Date-Added = {2010-03-14 17:10:49 +1000},
	Date-Modified = {2010-03-14 17:10:49 +1000},
	Month = {June},
	School = {School of Engineering, The University of Queensland},
	Title = {Computational Modelling of High-Temperature Gas Effects with Application to Hypersonic Flows},
	Year = {2008}}

@article{eichmann_2008,
	Author = {Eichmann, T.N. and Brandis, A.M. and Potter, D.F. and McIntyre, T.J. and Rubinsztein-Dunlop},
	Date-Added = {2010-03-14 17:02:17 +1000},
	Date-Modified = {2010-03-14 19:01:54 +1000},
	Journal = {40th Thermophysics Conference, Seattle, Washington},
	Month = {23 - 26 June},
	Title = {Radiating hypersonic flow studies using a super-orbital expansion tube},
	Year = {2008},
	Bdsk-File-1 = {YnBsaXN0MDDUAQIDBAUIJidUJHRvcFgkb2JqZWN0c1gkdmVyc2lvblkkYXJjaGl2ZXLRBgdUcm9vdIABqAkKFRYXGyIjVSRudWxs0wsMDQ4RFFpOUy5vYmplY3RzV05TLmtleXNWJGNsYXNzog8QgASABqISE4ACgAOAB1lhbGlhc0RhdGFccmVsYXRpdmVQYXRo0hgNGRpXTlMuZGF0YU8RAXAAAAAAAXAAAgAABU1hY0hEAAAAAAAAAAAAAAAAAAAAAAAAAAAAAMavGUtIKwAAAANs7BFlaWNobWFubl8yMDA4LnBkZgAAAAAAAAAAAAAAAAAAAAAAAAAAAAAAAAAAAAAAAAAAAAAAAAAAAAAAAAAAAAAAaUH4x8LjQAAAAAAAAAAAAAMAAgAACSAAAAAAAAAAAAAAAAAAAAAHRGVza3RvcAAAEAAIAADGroyrAAAAEQAIAADHwlagAAAAAQAMAANs7AADbOEAAE0uAAIALU1hY0hEOlVzZXJzOmRwb3R0ZXI6RGVza3RvcDplaWNobWFubl8yMDA4LnBkZgAADgAkABEAZQBpAGMAaABtAGEAbgBuAF8AMgAwADAAOAAuAHAAZABmAA8ADAAFAE0AYQBjAEgARAASACdVc2Vycy9kcG90dGVyL0Rlc2t0b3AvZWljaG1hbm5fMjAwOC5wZGYAABMAAS8AABUAAgAO//8AAIAF0hwdHh9YJGNsYXNzZXNaJGNsYXNzbmFtZaMfICFdTlNNdXRhYmxlRGF0YVZOU0RhdGFYTlNPYmplY3RfECIuLi8uLi8uLi9EZXNrdG9wL2VpY2htYW5uXzIwMDgucGRm0hwdJCWiJSFcTlNEaWN0aW9uYXJ5EgABhqBfEA9OU0tleWVkQXJjaGl2ZXIACAARABYAHwAoADIANQA6ADwARQBLAFIAXQBlAGwAbwBxAHMAdgB4AHoAfACGAJMAmACgAhQCFgIbAiQCLwIzAkECSAJRAnYCewJ+AosCkAAAAAAAAAIBAAAAAAAAACgAAAAAAAAAAAAAAAAAAAKi}}
