@string {arfm = "Annual Review of Fluid Mechanics"}
@string {jfm  = "Journal of Fluid Mechanics"}
@string {jcp  = "Journal of Computational Physics"}

@string {pf  = "The Physics of Fluids"}
@string {pfa = "The Physics of Fluids (A)"}
@string {pfb = "The Physics of Fluids (B)"}

@string {caf   = "Computers and Fluids"}
@string {cmame = " Computer Methods in Applied Mechanics and Engineering"}

@string {taj   = "The Aeronautical Journal"}

@string {aiaaj     = "A.I.A.A. Journal"}
@string {aiaajsr   = "A.I.A.A. Journal of Spacecraft and Rockets"}
@string {aiaajpp   = "A.I.A.A. Journal of Propulsion and Power"}
@string {aiaaja    = "A.I.A.A. Journal of Aircraft"}
@string {aiaajtpht = "A.I.A.A. Journal of Thermophysics and Heat Transfer"}

@string {ijnmf = "International Journal for Numerical Methods in Fluids"}
@string {ijnme = "International Journal for Numerical Methods in Engineering"}
@string {ijhff = "International Journal for Heat and Fluid Flow"}

@string {siamssc = "SIAM Journal on Scientific and Statistical Computing"}
@string {siamna  = "SIAM Journal on Numerical Analysis"}

@string {nasatp = "NASA Technical Paper"}
@string {nasatm = "NASA Technical Memorandum"}
@string {nasacr = "NASA Contractor Report"}

-aa-

@ARTICLE {adamson_messiter_80,
   AUTHOR = {Adamson, T. C. and Messiter, A. F.},
   TITLE = {Analysis of two-dimensional interactions between
	shock waves and boundary layers.},
   JOURNAL = {Annual Review of Fluid Mechanics},
   YEAR = {1980},
   VOLUME = {12},
   NUMBER = {},
   PAGES = {103--138},
   ANNOTE = {* includes (asymptotic ?) analysis}
   }

@ARTICLE { aftosmis_etal_1995a,
   AUTHOR  = { Aftosmis, A. and Gaitonde, D. and Tavares, T. S. },
   TITLE   = { Behaviour of linear reconstruction techniques 
               on unstructured meshes. },
   JOURNAL = aiaaj,
   YEAR    = { 1995 },
   VOLUME  = { 33 },
   NUMBER  = { 11 },
   PAGES   = { 2038--2049 },
   ANNOTE  = {}
   }

@ARTICLE {alder_79,
   AUTHOR = { Alder, G. M. },
   TITLE = { The numerical solution of choked and supercritical ideal
         gas flow through orifices and convergent conical nozzles. },
   JOURNAL = { Journal of Mechanical Engineering Science },
   YEAR = { 1979 },
   VOLUME = { 21 },
   NUMBER = { 3 },
   PAGES = { 197--203 },
   ANNOTE = {}
   }

@INPROCEEDINGS {allen_chong_92,
   AUTHOR = {Allen, J. J. and Chong, M. S.},
   TITLE = {Study of the vortex created at the head of a moving piston
         in a cylinder.},
   BOOKTITLE = {11th Australasian Fluid Mechanics Conference},
   YEAR = {1992},
   PAGES = {1225--1228},
   PUBLISHER = {},
   ANNOTE = {}
   }

@TECHREPORT {ames_53,
   AUTHOR = {Ames Research Staff},
   TITLE = {Equations, tables and charts for compressible flow.},
   INSTITUTION = {},
   YEAR = {1953},
   TYPE = {NACA Report},
   NUMBER = {1135},
   ADDRESS = {},
   ANNOTE = {}
   }

@BOOK {anderson_82,
   AUTHOR = {Anderson, J. D.},
   TITLE = {Modern Compressible Flow: with Historical Perspective.},
   PUBLISHER = {McGraw-Hill},
   ADDRESS = {New York},
   YEAR = {1982},
   ANNOTE = {}
   }

@BOOK {anderson_89,
   AUTHOR = {Anderson, J. D.},
   TITLE = {Hypersonic and High Temperature Gas Dynamics.},
   PUBLISHER = {McGraw-Hill},
   ADDRESS = {New York},
   YEAR = {1989},
   ANNOTE = {}
   }

@BOOK {noaa_etal_62,
   AUTHOR = {National Oceanic {and} Atmospheric Administration and
	National Aeronautics {and} Space Administration and
	United States Air Force},
   TITLE = { {U.S.} Standard Atmosphere, 1962.},
   PUBLISHER = {},
   ADDRESS = {},
   YEAR = {1962},
   ANNOTE = {}
   }

@INPROCEEDINGS {arnal_aupoix_91,
   AUTHOR = {Arnal, D. and Aupoix, B.},
   TITLE = {Hypersonic boundary layers: transition and turbulence
	effects.},
   BOOKTITLE = {Aerothermodynamics for Space Vehicles. SP-318.},
   YEAR = {1991},
   PAGES = {25--38},
   PUBLISHER = {European Space Agency},
   ANNOTE = {}
   }

@ARTICLE {ashkenas_bryson_51,
   AUTHOR = { Ashkenas, H. I. and Bryson, A. E. },
   TITLE = { Design and performance of a simple interferometer for
         wind-tunnel measurements. },
   JOURNAL = { Journal of the Aeronautical Sciences },
   YEAR = {1951},
   VOLUME = {18},
   NUMBER = {},
   PAGES = {82},
   ANNOTE = {}
   }

@ARTICLE {azevedo_liu_93,
   AUTHOR = {Azevedo, D. J. and Liu, C. S.},
   TITLE = {Engineering approach to the prediction of shock patterns
         in bounded high-speed flows.},
   JOURNAL = aiaaj,
   YEAR = {1993},
   VOLUME = {31},
   NUMBER = {1},
   PAGES = {83--90},
   ANNOTE = {}
   }

-bb-

@ARTICLE { back_etal_1965a,
   AUTHOR  = { Back, L. H. and Massier, P. F. and Gier, H. L. },
   TITLE   = { Comparison of measured and predicted flows through conical
               supersonic nozzles, with emphasis on the transonic region. },
   JOURNAL = aiaaj,
   YEAR    = { 1965 },
   VOLUME  = { 3 },
   NUMBER  = { 9 },
   PAGES   = { 1606--1614 },
   ANNOTE  = { * see IMOC workbook p58 30-april-2000 }
   }

@ARTICLE {bartlma_90,
   AUTHOR = {Bartlma, F.},
   TITLE = {The propagation of detonation waves in channels of 
	varying cross-section.},
   JOURNAL = jfm,
   YEAR = {1990},
   VOLUME = {218},
   NUMBER = {},
   PAGES = {225--238},
   ANNOTE = {}
   }

@ARTICLE {bazhenova_etal_84,
   AUTHOR = {Bazhenova, T. V. and Gvozdeva, L. G. and 
	Nettleton, M. A.},
   TITLE = {Unsteady interactions of shock waves.},
   JOURNAL = {Prog. Aerospace Sci.},
   YEAR = {1984},
   VOLUME = {21},
   NUMBER = {},
   PAGES = {249--331},
   ANNOTE = {* Mentions nozzle starting process
	* has a lot of discussion of the shock and ramp problem
	}
   }

@INPROCEEDINGS {bazhenova_gvozdeva_87,
   AUTHOR = {Bazhenova, T. V. and Gvozdeva, L. G.},
   TITLE = {Unsteady interactions of shock waves.},
   BOOKTITLE = {Shock Tubes and Waves},
   YEAR = {1987},
   PAGES = {39--49},
   PUBLISHER = {},
   ANNOTE = {}
   }

@ARTICLE {beckwith_miller_90,
   AUTHOR = {Beckwith, I. E. and Miller, C. G.},
   TITLE = {Aerothermodynamics and transition in high-speed
	wind tunnels at NASA Langley.},
   JOURNAL = {Annual Review of Fluid Mechanics},
   YEAR = {1990},
   VOLUME = {22},
   NUMBER = {},
   PAGES = {419--439},
   ANNOTE = {}
   }

@BOOK {bendor_92,
   AUTHOR = {Ben-Dor, G.},
   TITLE = {Shock Wave Reflection Phenomena},
   PUBLISHER = {Springer-Verlag},
   ADDRESS = {New York},
   YEAR = {1992},
   ANNOTE = {}
   }

@INPROCEEDINGS {bensard_etal_87,
   AUTHOR = {Bensard, D. and Bonnet, M. and Gauthier, S. and
	Haas, J. F. and Spitz, P.},
   TITLE = {Numerical simulation of {Rayleigh}-{Taylor} instability
	induced turbulent mixing in shock tubes.},
   BOOKTITLE = {Shock Tubes and Waves},
   YEAR = {1987},
   PAGES = {709--715},
   PUBLISHER = {},
   ANNOTE = {}
   }

@ARTICLE {billig_67,
   AUTHOR = {Billig, F. S.},
   TITLE = {Shock-wave shapes around spherical- and cylindrical-nosed
	bodies.},
   JOURNAL = {J. Spacecraft and Rockets},
   YEAR = {1967},
   VOLUME = {4},
   NUMBER = {6},
   PAGES = {822--823},
   ANNOTE = {}
   }

@INPROCEEDINGS { bjorkquist_fingerson_??,
   AUTHOR    = { Bjorkquist, D. C. and Fingerson, L. M.  },
   TITLE     = { Particle image velocimetry. },
   BOOKTITLE = { Atlas of Visualization },
   EDITOR    = { The Visualization Society of Japan },
   YEAR      = {},
   MONTH     = {},
   PAGES     = { 313 },
   PUBLISHER = { Pergamon Press },
   ADDRESS   = { Oxford },
   ISBN      = {},
   ANNOTE    = {}
   }

@TECHREPORT {blackaby_etal_90,
   AUTHOR = {Blackaby, N. and Cowley, S. and Hall, P.},
   TITLE = {On the instability of hypersonic flow past a flat plate.},
   INSTITUTION = {},
   YEAR = {1990},
   TYPE = {ICASE Report},
   NUMBER = {90-40},
   ADDRESS = {},
   ANNOTE = {}
   }

@ARTICLE {brower_etal_93,
   AUTHOR = { Brower, W. B. and Eisler, E. and Filkorn, E. J. and
          Gonenc, J. and Plati, C. and Stagnitti, J. },
   TITLE = { On the compressible flow through an orifice. },
   JOURNAL = { Transactions of the {ASME} Journal of Fluids Engineering },
   YEAR = { 1993 },
   VOLUME = { 115 },
   NUMBER = {},
   PAGES = { 660--664 },
   ANNOTE = {}
   }

@ARTICLE {brailsford_92,
   AUTHOR = {Brailsfor, E. N.},
   TITLE = {In-flight evaluation of {Mach} number at hypersonic
	speeds.},
   JOURNAL = taj,
   YEAR = {1992},
   VOLUME = {96},
   NUMBER = {954},
   PAGES = {152--156},
   ANNOTE = {* useful for air-breathing engines}
   }

@ARTICLE {bray_59,
   AUTHOR = {Bray, K. N. C.},
   TITLE = {Atomic recombination in a hypersonic wind-tunnel nozzle.},
   JOURNAL = jfm,
   YEAR = {1959},
   VOLUME = {1},
   NUMBER = {1},
   PAGES = {1--32},
   ANNOTE = {* this is the original nozzle freezing paper}
   }

@ARTICLE {broadbent_76,
   AUTHOR = { Broadbent, E. G. },
   TITLE = { Flows with heat addition. },
   JOURNAL = { Progress in Aerospace Science },
   YEAR = { 1976 },
   VOLUME = { 17 },
   NUMBER = { 2 },
   PAGES = { 93--108 },
   ANNOTE = {}
   }

@ARTICLE {bushnell_92,
   AUTHOR = {Bushnell, D. M.},
   TITLE = {Longitudinal vortex control - techniques and applications.},
   JOURNAL = taj,
   YEAR = {1992},
   VOLUME = {96},
   NUMBER = {958},
   PAGES = {293--312},
   ANNOTE = {}
   }

@TECHREPORT { buttsworth_jones_96a,
   AUTHOR      = { Buttsworth, D. R. and Jones, T. V. },
   TITLE       = { A transient thin film heat flux gauge with
                   finite film thickness. },
   INSTITUTION = { University of Oxford },
   ADDRESS     = { Oxford, UK. },
   YEAR        = { 1996 },
   MONTH       = {},
   TYPE        = { {Department} of {Engineering} {Science},
                   {Unpublished} {Report} },
   NUMBER      = {},
   ANNOTE      = {}
   }

-cc-

@TECHREPORT { cauchon_1967a,
   AUTHOR      = { Cauchon, D. L. },
   TITLE       = {Radiative Heating Results From The {Fire II} Flight Experiment 
                  At A Reentry Velocity Of 11.4 km/sec.},
   INSTITUTION = { NASA },
   ADDRESS     = {},
   YEAR        = { 1967 },
   MONTH       = {},
   TYPE        = { Technical Memorandum },
   NUMBER      = { X-1402 },
   ANNOTE      = {}
   }

@TECHREPORT { cornette_1966a,
   AUTHOR      = { Cornette, E. S. },
   TITLE       = {Forebody Temperatures And Calorimeter Heating Rates Measured 
                  During Project {Fire II} Reentry At 11.35 km/sec.},
   INSTITUTION = { NASA },
   ADDRESS     = {},
   YEAR        = { 1966 },
   MONTH       = {},
   TYPE        = { Technical Memorandum },
   NUMBER      = { X-1305 },
   ANNOTE      = {}
   }

@ARTICLE {celmins_78,
   AUTHOR = {Celmins, A.},
   TITLE = {Modified governing equations for unsteady compressible
	flow in ducts.},
   JOURNAL = {Journal of Applied Mechanics},
   YEAR = {1978},
   VOLUME = {45},
   NUMBER = {},
   PAGES = {723--726},
   ANNOTE = {* modified quasi-1D equations to correct for nonuniform
	properties across the tube
	}
   }

@ARTICLE {chen_etal_92,
   AUTHOR = {Chen, F. -J. and Malik, M. R. and Beckwith, I. E.},
   TITLE = {Gortler instability and supersonic quiet nozzle design.},
   JOURNAL = aiaaj,
   YEAR = {1992},
   VOLUME = {30},
   NUMBER = {8},
   PAGES = {2093},
   ANNOTE = {}
   }

@ARTICLE {cheng_93,
   AUTHOR = {Cheng, H. K.},
   TITLE = {Perspectives on hypersonic viscous flow research.},
   JOURNAL = arfm,
   YEAR = {1993},
   VOLUME = {25},
   NUMBER = {},
   PAGES = {455--484},
   ANNOTE = {}
   }

@ARTICLE {chisnell_57,
   AUTHOR = {Chisnell, R. F.},
   TITLE = {The motion of a shock wave in a channel, with 
	applications to cylindrical and spherical shock waves.},
   JOURNAL = jfm,
   YEAR = {1957},
   VOLUME = {2},
   NUMBER = {},
   PAGES = {286--298},
   ANNOTE = {* shock speed area ratio relationship }
   }

@TECHREPORT {chung_lu_92,
   AUTHOR = {Chung, K. -M. and Lu, F. K.},
   TITLE = {An experimental study of a cold-wall hypersonic
	boundary layer.},
   INSTITUTION = {},
   YEAR = {1992},
   TYPE = {AIAA Paper},
   NUMBER = {92-0312},
   ADDRESS = {},
   ANNOTE = {}
   }

@ARTICLE {cloutman_wehner_92,
   AUTHOR = {Cloutman, L. D. and Wehner, M. F.},
   TITLE = {Numerical simulation of {Richtmyer}-{Meshkov}
	instabilities.},
   JOURNAL = pfa,
   YEAR = {1992},
   VOLUME = {4},
   NUMBER = {8},
   PAGES = {1821},
   ANNOTE = {}
   }

-dd-

@TECHREPORT {dancey_brown_90,
   AUTHOR = {Dancey, C. L. and Brown, E. F.},
   TITLE = {{PC's} in fluid mechanics and propulsion education.},
   INSTITUTION = {},
   YEAR = {1990},
   TYPE = {AIAA Paper},
   NUMBER = {90-2388},
   ADDRESS = {},
   ANNOTE = {}
   }

@ARTICLE {davidson_rizzi_92,
   AUTHOR = {Davidson, L. and Rizzi, A.},
   TITLE = { {Navier}-{Stokes} stall predictions using an algebraic
         {Reynolds}-stress model.},
   JOURNAL = aiaajsr,
   YEAR = {1992},
   VOLUME = {29},
   NUMBER = {6},
   PAGES = {794--800},
   ANNOTE = {}
   }

@TECHREPORT {delery_marvin_86,
   AUTHOR = {Delery, J. M. and Marvin, J. G.},
   TITLE = {Shock-wave boundary layer interactions.},
   INSTITUTION = {},
   YEAR = {1986},
   TYPE = {AGARDograph},
   NUMBER = {280},
   ADDRESS = {},
   ANNOTE = {}
   }

@INPROCEEDINGS {delery_90,
   AUTHOR = {Delery, J. M.},
   TITLE = {Shock interference phenomena in hypersonic flows.},
   BOOKTITLE = {The Third Joint Europe/US Short Course in 
	Hypersonics, Aachen, October 1990.},
   YEAR = {1990},
   PAGES = {},
   PUBLISHER = {},
   ANNOTE = {}
   }

@ARTICLE {degrez_etal_87,
   AUTHOR = {Degrez, G. and Boccardoro, C. H. and Wendt, J. F.},
   TITLE = {The interaction of an oblique shock wave with a
	laminar boundary layer revisited.  {An} experimental and
	numerical study.},
   JOURNAL = jfm,
   YEAR = {1987},
   VOLUME = {177},
   NUMBER = {},
   PAGES = {247--263},
   ANNOTE = {* primary aim -- provide experimental data for 
	full field CFD comparison
	}
   }

@ARTICLE {demetriades_anders_90,
   AUTHOR = {Demetriades, A. and Anders, S. G.},
   TITLE = {Characteristics of hot-film anemometers for use in
	hypersonic flows.},
   JOURNAL = aiaaj,
   YEAR = {1990},
   VOLUME = {28},
   NUMBER = {11},
   PAGES = {2003--2005},
   ANNOTE = {}
   }

@ARTICLE {demetriades_yapuncich_92,
   AUTHOR = {Demetriades, A. and Yapuncich, F. L.},
   TITLE = {Experimental tests of a laminar mixing theory.},
   JOURNAL = aiaaj,
   YEAR = {1992},
   VOLUME = {30},
   NUMBER = {7},
   PAGES = {1795--1799},
   ANNOTE = {}
   }

@ARTICLE {dou_teng_92a,
   AUTHOR = {Dou, H. -S. and Teng, H. -Y.},
   TITLE = {Approximate formula of weak oblique shock wave angle.},
   JOURNAL = aiaaj,
   YEAR = {1992},
   VOLUME = {30},
   NUMBER = {3},
   PAGES = {837--839},
   ANNOTE = {* for wave angles close to the local Mach angle}
   }

@INPROCEEDINGS {dumitrescu_92,
   AUTHOR = {Dumitrescu, L. Z.},
   TITLE = {On efficient shock-focusing configurations.},
   BOOKTITLE = {11th Australasian Fluid Mechanics Conference, Hobart.},
   YEAR = {1992},
   PAGES = {723--725},
   PUBLISHER = {University of Tasmania},
   ANNOTE = {}
   }

@ARTICLE {dyner_reinecke_69,
   AUTHOR = {Dyner, H. B. and Reinecke, W. G.},
   TITLE = {Simulation of total equilibrium shock-layer radiation
         for three typical entry body shapes.},
   JOURNAL = aiaaj,
   YEAR = {1969},
   VOLUME = {7},
   NUMBER = {8},
   PAGES = {1561},
   ANNOTE = {}
   }

-ee-

@ARTICLE {eckert_55,
   AUTHOR = {Eckert, E. R. G.},
   TITLE = {Engineering relations for friction and heat transfer
	    to surfaces in high velocity flow.},
   JOURNAL = {Journal of the Aeronautical Sciences},
   YEAR = {1955},
   VOLUME = {22},
   NUMBER = {8},
   PAGES = {585--587},
   ANNOTE = {reference temperature concept}
   }

@ARTICLE { eichmann_etal_2007a,
   AUTHOR  = { Eichmann, T. N. and McIntyre, T. J. and Bishop, A. I. and
               Vakata, S. and Rubinsztein-Dunlop, H. },
   TITLE   = { Three-dimensional effects on line-of-sight visualization measurements
               of supersonic and hypersonic flow over cylinders. },
   JOURNAL = { Shock Waves },
   YEAR    = { 2007 },
   VOLUME  = { 16 },
   NUMBER  = { 4--5 },
   PAGES   = { 299--307 },
   ANNOTE  = { holographic two-wavelength interferometry in X2 }
   }

@ARTICLE {eidelman_90,
   AUTHOR = {Eidelman, S.},
   TITLE = {Application of the hypersonic analogy for validation of
	numerical simulations.},
   JOURNAL = aiaaj,
   YEAR = {1990},
   VOLUME = {27},
   NUMBER = {11},
   PAGES = {1566},
   ANNOTE = {* blast wave analogy
	* blunt flat plate.
	}
   }

@ARTICLE { engblom_etal_96a,
   AUTHOR  = { Engblom, W. A. and Yuceil, B. and Goldstein, D. B. and
               Dolling, D. S. },
   TITLE   = { Experimental and numerical study of hypersonic forward-facing
               cavity flow. },
   JOURNAL = aiaajsr,
   YEAR    = { 1996 },
   VOLUME  = { 33 },
   NUMBER  = { 3 },
   PAGES   = { 353--359 },
   ANNOTE  = {}
   }


-ff-

@ARTICLE {fay_riddell_58,
   AUTHOR = { Fay, J. A. and Riddell, F. R. },
   TITLE = { Theory of stagnation point heat transfer in dissociated air. },
   JOURNAL = { Journal of the Aeronautical Sciences },
   YEAR = { 1958 },
   VOLUME = { 25 },
   NUMBER = { 2 },
   PAGES = { 73--85 },
   ANNOTE = {}
   }

@ARTICLE {franciscus_lezberg_63,
   AUTHOR = {Franciscus, L. C. and Lezberg, E. A.},
   TITLE = {Effects of exhaust nozzle recombination on hypersonic
	ramjet performance: {II}. Analytical investigation.},
   JOURNAL = aiaaj,
   YEAR = {1963},
   VOLUME = {1},
   NUMBER = {9},
   PAGES = {2077--2083},
   ANNOTE = {* nozzle freezing with multiple species}
   }

@ARTICLE {fraser_75,
   AUTHOR = {Fraser, S. M.},
   TITLE = {Calculation of {Mach} number from given turning
	angle in supersonic isentropic flow.},
   JOURNAL = {iAeronautical Journal},
   YEAR = {1975},
   VOLUME = {79},
   NUMBER = {},
   PAGES = {95--96},
   ANNOTE = {* polynomial curve fit}
   }

@ARTICLE {fuller_etal_92,
   AUTHOR = {Fuller, E. J. and Mays, R. B. and
	Thomas, R. H. and Schetz, J. A.},
   TITLE = {Mixing studies of helium in air at high supersonic
	speeds.},
   JOURNAL = aiaaj,
   YEAR = {1992},
   VOLUME = {30},
   NUMBER = {9},
   PAGES = {2234},
   ANNOTE = {}
   }

-gg-

@TECHREPORT {garrison_settles_92,
   AUTHOR = {Garrison, T. J. and Settles, G. S.},
   TITLE = {Flowfield visualization of crossing shock-wave/
	boundary-layer interactions.},
   INSTITUTION = {},
   YEAR = {1992},
   TYPE = {AIAA Paper},
   NUMBER = {92-0750},
   ADDRESS = {},
   ANNOTE = {* boundary layer swept up into the core flow
	* may be useful for fuel mixing if the fuel is injected
	along the vehicle surface (and initially used for cooling
	}
   }

@INPROCEEDINGS {gathmann_91,
   AUTHOR = {Gathmann, R. J.},
   TITLE = {Analysis of the effect of side-walls and concomitant
	boundary layers on supersonic {2-D} shear-layer instability.},
   BOOKTITLE = {Aerothermodynamics for Space Vehicles. SP-318.},
   YEAR = {1991},
   PAGES = {401--406},
   PUBLISHER = {},
   ANNOTE = {}
   }

@ARTICLE {gauthier_bonnet_90,
   AUTHOR = {Gauthier, S. and Bonnet, M.},
   TITLE = {A k-epsilon model for turbulent mixing in shock-tube
	flows induced by {Rayleigh}-{Taylor} instability.},
   JOURNAL = pfa,
   YEAR = {1990},
   VOLUME = {2},
   NUMBER = {9},
   PAGES = {1685--1694},
   ANNOTE = {}
   }

@ARTICLE {george_etal_91,
   AUTHOR = {George, W. K. and Rae, W. J. and Woodward, S. H.},
   TITLE = {An evaluation of analog and numerical techniques for
	unsteady heat transfer measurement with thin-film gauges
	in transient facilities.},
   JOURNAL = {Experimental Thermal and Fluid Science},
   YEAR = {1991},
   VOLUME = {4},
   NUMBER = {},
   PAGES = {333--342},
   ANNOTE = {* these are the CALSPAN people}
   }

@TECHREPORT {glaz_etal_86,
   AUTHOR = {Glaz, H. M. and Colella, P. and Glass, I. I. and
	Deschambault, R. L.},
   TITLE = {A detailed numerical, graphical, and experimental
	study of oblique shock wave reflections.},
   INSTITUTION = {University of Toronto},
   YEAR = {1986},
   TYPE = {UTIAS Report},
   NUMBER = {285},
   ADDRESS = {},
   ANNOTE = {* double mach reflection case as used by Jay Casper}
   }

@TECHREPORT {glimm_etal_91,
   AUTHOR = {Glimm, J. and Grove, J. W. and Chen, Y. and Li, X. L.},
   TITLE = {Chaotic mixing at unstable interfaces.},
   INSTITUTION = {University at Stony Brook},
   YEAR = {1991},
   TYPE = {Report},
   NUMBER = {SUNYSB-AMS-91-07},
   ADDRESS = {},
   ANNOTE = {* Rayleigh-Taylor and Richtmyer-Meshkov instability}
   }

@ARTICLE { gnoffo_etal_1996a,
   AUTHOR  = { Gnoffo, P. A. and Weilmuenster, K. J. and  Braun, R.D. and Cruz, C. I. },
   TITLE   = { Influence Of Sonic Line Location On {Mars} {Pathfinder}
               Probe Aerothermodynamics.},
   JOURNAL = aiaajsr,
   YEAR    = { 1996 },
   VOLUME  = { 33 },
   NUMBER  = { 2 },
   PAGES   = { 169--177 },
   ANNOTE  = {}
   }

@ARTICLE { gnoffo_etal_1999a,
   AUTHOR  = { Gnoffo, P. A. and Weilmuenster, K. J. and Hamilton, I. I. and
               Olynick, D.R. and  Ventatapathy, E. },
   TITLE   = { Computational Aerothermodynamic Design Issues For Hypersonic Vehicles. },
   JOURNAL = aiaajsr,
   YEAR    = { 1996 },
   VOLUME  = { 36 },
   NUMBER  = { 1 },
   PAGES   = { 21--43 },
   ANNOTE  = {}
   }

@ARTICLE { griffith_etal_87a,
   AUTHOR  = { Griffith, B. J. and Maus, J. R. and Majors, B. M. },
   TITLE   = { Addressing the hypersonic simulation problem. },
   JOURNAL = aiaajsr,
   YEAR    = { 1987 },
   VOLUME  = { 24 },
   NUMBER  = { 4 },
   PAGES   = { 334--341 },
   ANNOTE  = { * pitching-moment anomaly
               * problems with high-enthalpy test facilities briefly
                 mentioned
             }
   }

-hh-

@TECHREPORT {hakkinen_etal_59,
   AUTHOR = {Hakkinen, R. J. and Greber, I. and Trilling, L.
	and Abarbanel, S. S.},
   TITLE = {The interaction of an oblique shock wave with a laminar
	boundary layer.},
   INSTITUTION = {},
   YEAR = {1959},
   TYPE = {NASA Memorandum},
   NUMBER = {2-18-59W},
   ADDRESS = {},
   ANNOTE = {* referenced by C. P. Li 1983}
   }

@ARTICLE {hall_75,
   AUTHOR = {Hall, I. M.},
   TITLE = {Inversion of the {Prandtl}-{Meyer} relation.},
   JOURNAL = {Aeronautical Journal},
   YEAR = {1975},
   VOLUME = {79},
   NUMBER = {},
   PAGES = {417--418},
   ANNOTE = {}
   }

@INPROCEEDINGS { hall_2000a,
   AUTHOR    = { Hall, J. },
   TITLE     = { A review of ballute technology for planetary aerocapture. },
   BOOKTITLE = { 4th IAA Conference on Low Cost Planetary Missions },
   EDITOR    = {},
   YEAR      = { 2000 },
   MONTH     = { May },
   PAGES     = {},
   PUBLISHER = {},
   ADDRESS   = {},
   ISBN      = {},
   ANNOTE    = {}
   }


@INPROCEEDINGS {harloff_etal_92,
   AUTHOR = {Harloff, G. J. and Reichert, B. A. and Sirbaugh, J. R.
          and Wellborn, S. R.},
   TITLE = { {Navier}-{Stokes} analysis and experimental data
         comparison of compressible flow within ducts.},
   BOOKTITLE = {Thirteenth International Conference on Numerical
             Methods in Fluid Dynamics},
   YEAR = {1992},
   PAGES = {437--441},
   PUBLISHER = {Springer Verlag},
   ANNOTE = {}
   }

@ARTICLE {harris_66,
   AUTHOR = {Harris, C. J.},
   TITLE = {Comment on {``Nonequilibrium} effects on 
	high-enthalpy expansion of {air"}.},
   JOURNAL = aiaaj,
   YEAR = {1966},
   VOLUME = {4},
   NUMBER = {6},
   PAGES = {1148},
   ANNOTE = {* correlation for frozen species in a nozzle flow}
   }

@ARTICLE {hawley_zabusky_89,
   AUTHOR = {Hawley, J. F. and Zabusky, N. J.},
   TITLE = {Vortex paradigm for shock-accelerated density-stratified
	interfaces.},
   JOURNAL = {Physical Review Letters},
   YEAR = {1989},
   VOLUME = {63},
   NUMBER = {12},
   PAGES = {1241--1244},
   ANNOTE = {}
   }

@INPROCEEDINGS {he_morgan_89,
   AUTHOR = {He, Y. and Morgan, R. G.},
   TITLE = {Transition of compressible high enthalpy boundary
	layer flow over a flat plate.},
   BOOKTITLE = {Tenth Australiasian Fluid Mechanics Conference, 
	Melbourne.},
   YEAR = {1989},
   PAGES = {},
   PUBLISHER = {},
   ANNOTE = {correlation of unit reynolds number against transition
	reynolds number
	* only a weak interaction with mach number}
   }

@ARTICLE {hedlund_etal_92,
   AUTHOR = {Hedlund, E. R. and Higgins, C. W. and Rozanski, C. S. 
	and Swinford, N. F. and Hill, J. A.},
   TITLE = {New high {Reynolds} number {Mach} 8 capability.},
   JOURNAL = aiaaj,
   YEAR = {1992},
   VOLUME = {30},
   NUMBER = {6},
   PAGES = {1665--1667},
   ANNOTE = {}
   }

@ARTICLE {henderson_89,
   AUTHOR = {Henderson, L. F.},
   TITLE = {On the refraction of shock waves.},
   JOURNAL = jfm,
   YEAR = {1989},
   VOLUME = {198},
   NUMBER = {},
   PAGES = {365--386},
   ANNOTE = {* analytic study of shock-shock interactions 
	and shock-surface interactions
	}
   }

@INPROCEEDINGS {hillier_prodromou_91,
   AUTHOR = {Hillier, R. and Prodromou, P.},
   TITLE = {Computation of unsteady flow in nozzles and orifices.},
   BOOKTITLE = {18th International Symposium on Shock Waves},
   YEAR = {1991},
   PAGES = {1113--1118},
   PUBLISHER = {},
   ANNOTE = {}
   }

@TECHREPORT {holden_78,
   AUTHOR = {Holden, M. S.},
   TITLE = {A study of flow separation in regions of shock wave-
	boundary layer interaction in hypersonic flow.},
   INSTITUTION = {},
   YEAR = {1978},
   TYPE = {AIAA Paper},
   NUMBER = {78-1169},
   ADDRESS = {},
   ANNOTE = {* data for wedge and shock induced separation at
	hypersonic Mach numbers 11 < M < 18
	}
   }

@TECHREPORT {holden_moselle_92,
   AUTHOR = {Holden, M. S. and Moselle, J. R.},
   TITLE = {A database of aerothermal measurements in hypersonic
	flow for {CFD} validation.},
   INSTITUTION = {},
   YEAR = {1992},
   TYPE = {AIAA Paper},
   NUMBER = {92-4023},
   ADDRESS = {},
   ANNOTE = {}
   }

@INPROCEEDINGS { holden_2010a,
   AUTHOR    = { Holden, M. S. },
   TITLE     = { Experimental Studies of Radiation and Plasma Effects behind 
                 the Incident Shock in {LENS XX}, and the Unsteady Flow 
                 Characteristics associated with “Free Flight” Shroud and 
                 Stage Separation and Mode Switching in {LENS II}. },
   BOOKTITLE = { RTO-EN-AVT-186 - Aerothermodynamic Design, Review on 
                 Ground Testing and CFD },
   EDITOR    = { Chazot, O. and Bensassi, K. },
   YEAR      = { 2010 },
   MONTH     = { April },
   PAGES     = {},
   PUBLISHER = { NATO Science and Technology Organization },
   ADDRESS   = {},
   ISBN      = { 978-92-837-0121-7 },
   ANNOTE    = {}
   }

@TECHREPORT { holden_etal_2002a ,
   AUTHOR      = { Holden, M. S. and Wadhams, T. P. and Harvey, J. K. and Candler, G. V. },
   TITLE       = { Comparisons between {DSMC} and {Navier}-{Stokes} solutions on measurements
                   in regions of laminar shock wave boundary layer interaction in
                   hypersonic flows. },
   INSTITUTION = {},
   ADDRESS     = {},
   YEAR        = { 2002 },
   MONTH       = { January },
   TYPE        = { AIAA Paper },
   NUMBER      = { 2003-0435 },
   ANNOTE      = { 40th AIAA Aerospace Sciences Meeting & Exhibit, Reno, Nevada. }
   }

@TECHREPORT { holden_wadhams_2003a ,
   AUTHOR      = { Holden, M. S. and Wadhams, T. P. },
   TITLE       = { A Database of Aerothermal Measurements in Hypersonic Flows in
                   "Building Block" Experiments for {CFD} Validation. },
   INSTITUTION = {},
   ADDRESS     = {},
   YEAR        = { 2003 },
   MONTH       = { January },
   TYPE        = { AIAA Paper },
   NUMBER      = { 2003-1137 },
   ANNOTE      = { 41st AIAA Aerospace Sciences Meeting & Exhibit, Reno, Nevada. }
   }

@TECHREPORT { holden_wadhams_2003b ,
   AUTHOR      = { Holden, M. S. and Wadhams, T. P. },
   TITLE       = { A Review of Experimental Studies for {DSMC} and {Navier}-{Stokes} Code
                   Validation in Laminar Regions of Shock/Shock and 
                   Shock/Boundary Layer Interaction Including Real Gas Effects
                   in Hypervelocity Flows. },
   INSTITUTION = {},
   ADDRESS     = {},
   YEAR        = { 2003 },
   MONTH       = { June },
   TYPE        = { AIAA Paper },
   NUMBER      = { 2003-3641 },
   ANNOTE      = { 36th AIAA Thermophysics Conference, Orlando, Florida. }
   }

@TECHREPORT { holden_etal_2010a ,
   AUTHOR      = { Holden, M. and Harvey, J. and Wadhams, T. and MacLean, M. },
   TITLE       = { A Review of Experimental Studies with the Double Cone Configuration 
                 in the {LENS} Hypervelocity Tunnels and Comparisons with Navier-Stokes 
                 and {DSMC} Computations. },
   INSTITUTION = {},
   ADDRESS     = {},
   YEAR        = { 2010 },
   MONTH       = { January },
   TYPE        = { AIAA Paper },
   NUMBER      = { 2010-1281 },
   ANNOTE      = { 48TH AIAA Aerospace Sciences Meeting & Exhibit, Orlando, Florida. }
   }

@BOOK {holman_81,
   AUTHOR = {Holman, J. P.},
   TITLE = {Heat Transfer},
   PUBLISHER = {McGraw Hill},
   ADDRESS = {New York},
   YEAR = {1981},
   ANNOTE = {* engineering correlations for heat transfer
	calculations}
   }

@TECHREPORT { hornung_2001a,
   AUTHOR      = { Hornung, H. G. },
   TITLE       = { Hypersonic flow over bodies in tandem and its relevance
                   to ballute design. },
   INSTITUTION = {},
   ADDRESS     = {},
   YEAR        = { 2001 },
   MONTH       = { July },
   TYPE        = { AIAA Paper },
   NUMBER      = { 2001-2776 },
   ANNOTE      = {}
   }

-ii-

@ARTICLE { igra_etal_94,
   AUTHOR  = { Igra, O. and Elperin, T. and Falcovitz, J. and Zmiri, B. },
   TITLE   = { Shock wave interaction with area changes in ducts. },
   JOURNAL = { Shock Waves },
   YEAR    = { 1994 },
   VOLUME  = { 3 },
   NUMBER  = { 3 },
   PAGES   = { 233--238 },
   ANNOTE  = { * Seems to be similar to the work of Manny Salas }
   }

@TECHREPORT {ivanov_etal_93,
   AUTHOR = { Ivanov, M. and Gimelshein, S. and Kashkovsky, A. and
          Markelov, G. },
   TITLE = { Influence of real gas effects on control surfaces
         efficiency at high flight altitudes. },
   INSTITUTION = {},
   YEAR = { 1993 },
   TYPE = { AIAA Paper },
   NUMBER = { 93-5116 },
   ADDRESS = {},
   ANNOTE = {}
   }

-jj-

@INPROCEEDINGS { james_etal_2003a,
   AUTHOR    = { James, B. and Munk, M. and Moon, S. },
   TITLE     = { Aerocapture Technology Project Overview. },
   BOOKTITLE = { 39th Joint Propulsion Conference and Exhibit },
   EDITOR    = {},
   YEAR      = { 2003 },
   MONTH     = { July },
   SERIES    = { Paper 2003-4654 },
   PUBLISHER = { A.I.A.A. },
   ADDRESS   = { Huntsville, AL. },
   ISBN      = {},
   ANNOTE    = {}
   }

@ARTICLE {jwjacobs_92,
   AUTHOR = {Jacobs, J. W.},
   TITLE = {Shock-induced mixing of a light-gas cylinder.},
   JOURNAL = jfm,
   YEAR = {1992},
   VOLUME = {234},
   NUMBER = {},
   PAGES = {629--649},
   ANNOTE = {}
   }

@ARTICLE {jain_76,
   AUTHOR = {Jain, A. K.},
   TITLE = {Accurate explicit equation for friction factor.},
   JOURNAL = {American Society of Civil Engineers Journal of the
	Hydraulics Division},
   YEAR = {1976},
   VOLUME = {102},
   NUMBER = {HY5},
   PAGES = {674--677},
   ANNOTE = {* Darcy-Weisbach friction expression}
   }

@TECHREPORT {jones_??,
   AUTHOR = {Jones, D. A.},
   TITLE = {A review of one dimensional shaped charge theory {Part} 1
         -- jet formation. },
   INSTITUTION = {Defence Science and Technology Organisation,
               Materials Research Laboratory.},
   YEAR = {},
   TYPE = {Report},
   NUMBER = {MRL-R-940},
   ADDRESS = {},
   ANNOTE = {}
   }

@TECHREPORT {jones_69,
   AUTHOR = {Jones, D. J.},
   TITLE = {Tables of inviscid supersonic flow about circular cones
	at incidence.},
   INSTITUTION = {North Atlantic Treaty Organization
	Advisory Group for Aerospace Research and Development},
   YEAR = {1969},
   TYPE = {AGARDograph},
   NUMBER = {137},
   ADDRESS = {},
   ANNOTE = {}
   }

@TECHREPORT {justus_etal_91,
   AUTHOR = {Justus, C. G. and Alyea, F. N. and Cunnold, D. M. and
	Jefferies, W. R. and Johnson, D. L.},
   TITLE = {The {NASA/MSFC} global reference atmospheric model - 
	1990 Version {(GRAM-90)}. },
   INSTITUTION = {},
   YEAR = {1991},
   TYPE = nasatm,
   NUMBER = {4286 Part I},
   ADDRESS = {},
   ANNOTE = {}
   }

-kk-

@ARTICLE {kane_51,
   AUTHOR = { Kane, E. D. },
   TITLE = { Sphere drag data at supersonic speeds and low
         {Reynolds} numbers. },
   JOURNAL = { Journal of the Aeronautical Sciences },
   YEAR = {1951},
   VOLUME = {18},
   NUMBER = {},
   PAGES = {259--270},
   ANNOTE = {}
   }

@INPROCEEDINGS {katzer_89,
   AUTHOR = {Katzer, E.},
   TITLE = {Laminar shock/boundary-layer interaction -
	a numerical test problem.},
   BOOKTITLE = {Numerical Treatment of the {Navier}-{Stokes}
	Equations},
   YEAR = {1989},
   PAGES = {82--89},
   PUBLISHER = {Vieweg},
   ANNOTE = {}
   }

@INPROCEEDINGS {kloeker_etal_92,
   AUTHOR = {Kloeker, J. J. and Krause, E. and Kuwahara, K.},
   TITLE = {Vortical structures and turbulent phenomena in a
         piston-engine model.},
   BOOKTITLE = {Thirteenth International Conference on Numerical
             Methods in Fluid Dynamics},
   YEAR = {1992},
   PAGES = {165--169},
   PUBLISHER = {},
   ANNOTE = {}
   }

@ARTICLE {knight_etal_92,
   AUTHOR = {Knight, D. D. and Badekas, D. and Horstman, C. C. and
          Settles, G. S.},
   TITLE = {Quasiconical flowfield structure of the three-dimensional
         single fin interaction.},
   JOURNAL = aiaaj,
   YEAR = {1992},
   VOLUME = {30},
   NUMBER = {12},
   PAGES = {2809--2816},
   ANNOTE = {}
   }

@ARTICLE {keenan_neumann_46,
   AUTHOR = {Keenan, J. H. and Neumann, E. P.},
   TITLE = {Measurements of friction in a pipe for
	subsonic and supersonic flow of air.},
   JOURNAL = {Journal of Applied Mechanics},
   YEAR = {1946},
   VOLUME = {13},
   NUMBER = {2},
   PAGES = {A-91--A-100},
   ANNOTE = {* friction factors are lower in supersonic flow
	* Streeter and Wylie referred to this paper}
   }

@ARTICLE {kemp_etal_1959,
   AUTHOR = { Kemp, N. H. and Rose, R. H. and Detra, R. W. },
   TITLE = { Laminar heat transfer around blunt bodies in dissociated air. },
   JOURNAL = { Journal of the Aero/Space Sciences},
   YEAR = {1959},
   VOLUME = {26},
   NUMBER = {7},
   PAGES = {421--430},
   ANNOTE = {}
   }

@TECHREPORT { kendall_1959a,
   AUTHOR      = { Kendall, J. M. },
   TITLE       = { Experiments on supersonic blunt-body flows. },
   INSTITUTION = { Jet Propulsopn Laboratory, California Institute of Technology},
   ADDRESS     = { Pasadena, California. },
   YEAR        = { 1959 },
   MONTH       = { February },
   TYPE        = { Progress Report },
   NUMBER      = { 20-372 },
   ANNOTE      = {}
   }

@ARTICLE {kubota_ko_67,
   AUTHOR = {Kubota, T. and Ko, D. R. S.},
   TITLE = {A second-order weak interaction expansion for
	moderately hypersonic flow past a flat plate.},
   JOURNAL = aiaaj,
   YEAR = {1967},
   VOLUME = {5},
   NUMBER = {10},
   PAGES = {1915--1917},
   ANNOTE = {* used by later workers to predict shock-wave/
	boundary-layer interactions
	* based on the integral boundary layer equations
	}
   }

@ARTICLE { kubota_etal_93,
   AUTHOR = { Kubota, H. and Watanuki, T. and Matsumoto, S. and
          Fukui, T. and Suenaga, H. },
   TITLE = { Experimental study on flow over spiked hemisphere at
         {Komaba} hypersonic wind tunnel. },
   JOURNAL = { Journal of the Faculty of Engineering, The University of
           Tokyo (B) },
   YEAR = { 1993 },
   VOLUME = { 42 },
   NUMBER = { 1 },
   PAGES = { 65--71 },
   ANNOTE = {}
   }

-ll-

@ARTICLE {landrum_etal_92,
   AUTHOR = {Landrum, D. B. and DeJarnette, F. R. and Boman, B. L.},
   TITLE = {Engineering method for calculating surface pressures and
         heating rates on vehicles with embedded shocks.},
   JOURNAL = aiaajsr,
   YEAR = {1992},
   VOLUME = {29},
   NUMBER = {6},
   PAGES = {756--764},
   ANNOTE = {}
   }

@ARTICLE {lee_84,
   AUTHOR = {Lee, J. -H. and Glass, I. I.},
   TITLE = {Pseudo-stationary oblique-shock-wave reflections
	in frozen and equilibrium air.},
   JOURNAL = {Prog. Aerospace Sci.},
   YEAR = {1984},
   VOLUME = {21},
   NUMBER = {},
   PAGES = {33--80},
   ANNOTE = {* the shock and ramp problem}
   }

@ARTICLE {lehr_1972,
   AUTHOR = {Lehr, H. F.},
   TITLE = {Experiments on shock induced combustion.},
   JOURNAL = {Astronautica Acta},
   YEAR = {1972},
   VOLUME = {17},
   NUMBER = {},
   PAGES = {589--597},
   ANNOTE = {}
   }

@TECHREPORT {lewis_burgess_64,
   AUTHOR = {Lewis, C. H. and Burgess, E. G.},
   TITLE = {Charts of normal shock wave properties in imperfect air.},
   INSTITUTION = {Arnold Engineering Development Center},
   YEAR = {1964},
   TYPE = {Technical Documentary Report},
   NUMBER = {AEDC-TDR-64-43},
   ADDRESS = {},
   ANNOTE = {}
   }

@INPROCEEDINGS { lobb_64a,
   AUTHOR    = { Lobb, R. K. },
   TITLE     = { Experimental measurement of shock detachment distance on spheres fired
                 in air at hypervelocities. },
   BOOKTITLE = { The High Temperature Aspects of Hypersonic Flow },
   EDITOR    = { W. C. Nelson },
   YEAR      = { 1964 },
   MONTH     = {},
   PAGES     = { 519--527 },
   PUBLISHER = {Pergamon Press },
   ADDRESS   = { Oxford },
   ISBN      = {},
   ANNOTE    = {}
   }

@ARTICLE {li_karagozian_92,
   AUTHOR = {Li, H. -S. and Karagozian, A. R.},
   TITLE = {Breakup of a liquid jet in supersonic crossflow.},
   JOURNAL = aiaaj,
   YEAR = {1992},
   VOLUME = {30},
   NUMBER = {7},
   PAGES = {1919--1921},
   ANNOTE = {}
   }

@ARTICLE {liepmann_goddard_57,
   AUTHOR = {Liepmann, H. W. and Goddard, F. E.},
   TITLE = {Note on the {Mach} number effect upon the skin friction
	of rough surfaces.},
   JOURNAL = {Journal of the Aeronautical Sciences},
   YEAR = {1957},
   VOLUME = {24},
   NUMBER = {10},
   PAGES = {781},
   ANNOTE = {* compressibility correction for friction coefficient}
   }

@BOOK {liepmann_roshko_57,
   AUTHOR = {Liepmann, H. W. and Roshko, A.},
   TITLE = {Elements of Gasdynamics.},
   PUBLISHER = {John Wiley and Sons},
   ADDRESS = {New York},
   YEAR = {1957},
   ANNOTE = {* the classic -- 
	and it's still available for approx US\$74
	}
   }

@ARTICLE {liu_91,
   AUTHOR = {Liu, C. Y.},
   TITLE = {A compact mini smoke wind tunnel.},
   JOURNAL = {International Journal of Applied Engineering Education},
   YEAR = {1991},
   VOLUME = {7},
   NUMBER = {2},
   PAGES = {120--124},
   ANNOTE = {}
   }

@TECHREPORT {lliff_shafer_92,
   AUTHOR = {Lliff, K. W. and Shafer, M. F.},
   TITLE = {Space shuttle hypersonic flight research and the comparison
	to ground test results.},
   INSTITUTION = {},
   YEAR = {1992},
   TYPE = {AIAA Paper},
   NUMBER = {92-3988},
   ADDRESS = {},
   ANNOTE = {}
   }

@INPROCEEDINGS { lockwood_2003a,
   AUTHOR    = { Lockwood, M. K. },
   TITLE     = { Titan Aerocapture System Analysis. },
   BOOKTITLE = { 39th Joint Propulsion Conference and Exhibit },
   EDITOR    = {},
   YEAR      = { 2003 },
   MONTH     = { July },
   SERIES    = { Paper 2003-4799 },
   PUBLISHER = { A.I.A.A. },
   ADDRESS   = { Huntsville, AL. },
   ISBN      = {},
   ANNOTE    = {}
   }

@ARTICLE {lumley_92a,
   AUTHOR = {Lumley, J. L.},
   TITLE = {Some comments on turbulence.},
   JOURNAL = {Physics of Fluids A},
   YEAR = {1992},
   VOLUME = {4},
   NUMBER = {2},
   PAGES = {203--211},
   ANNOTE = {}
   }

@ARTICLE {lu_chung_92,
   AUTHOR = { Lu, F. K. and Chung, K. -M. },
   TITLE = { Downstream influence scaling of turbulent flow past
         expansion corners. },
   JOURNAL = aiaaj,
   YEAR = {1992},
   VOLUME = {30},
   NUMBER = {12},
   PAGES = {2976--2977},
   ANNOTE = {}
   }

-mm-

@TECHREPORT { maclean_holden_2004a,
   AUTHOR      = { MacLean, M. and Holden, M. },
   TITLE       = { Validation and Comparison of {WIND} and {DPLR} results 
                   for Hypersonic, Laminar Problems. },
   INSTITUTION = { AIAA },
   ADDRESS     = {},
   YEAR        = { 2004 },
   MONTH       = { January },
   TYPE        = { AIAA-Paper },
   NUMBER      = { 2004-0529 },
   ANNOTE      = { 42nd AIAA Aerospace Sciences Meeting & Exhibit, Reno, Nevada. }
   }

@ARTICLE {marshall_dolling_92,
   AUTHOR = {Marshall, T. A. and Dolling, D. S.},
   TITLE = {Computation of turbulent, separated, unswept compression
	ramp interactions.},
   JOURNAL = aiaaj,
   YEAR = {1992},
   VOLUME = {30},
   NUMBER = {8},
   PAGES = {2056},
   ANNOTE = {}
   }

@ARTICLE {matsuo_etal_88,
   AUTHOR = {Matsuo, H. and Ohya, Y. and Fujiwara, K.},
   TITLE = {Numerical simulation of cylindrically converging shock
	waves.},
   JOURNAL = jcp,
   YEAR = {1988},
   VOLUME = {75},
   NUMBER = {2},
   PAGES = {384--399},
   ANNOTE = {* could use these solutions as a test case for the
	2-d flow solver}
   }

@TECHREPORT {mee_stalker_87,
   AUTHOR = {Mee, D. J. and Stalker, R. J.},
   TITLE = {Investigation of weak shock-shock and 
	shock-expansion intersection in the presence of a turbulent
	boundary layer.},
   INSTITUTION = {},
   YEAR = {1987},
   TYPE = {AIAA Paper},
   NUMBER = {87-0549},
   ADDRESS = {},
   ANNOTE = {}
   }

@ARTICLE {mee_91a,
   AUTHOR = {Mee, D. J.},
   TITLE = {Large chord turbine cascade testing at engine Mach and
	Reynolds numbers.},
   JOURNAL = {Experiments in Fluids},
   YEAR = {1991},
   VOLUME = {12},
   NUMBER = {},
   PAGES = {119--124},
   ANNOTE = {}
   }

@ARTICLE {mee_etal_92a,
   AUTHOR = {Mee, D. J. and Baines, N. C. and Oldfield, M. G. L. and
	Dickens, T. E.},
   TITLE = {An examination of the contributions to loss on a transonic
	turbine blade in cascade.},
   JOURNAL = {Journal of Turbomachinery},
   YEAR = {1992},
   VOLUME = {114},
   NUMBER = {},
   PAGES = {155--162},
   ANNOTE = {}
   }

@ARTICLE {mee_etal_92b,
   AUTHOR = {Mee, D. J. and Baines, N. C. and Oldfield, M. G. L.},
   TITLE = {Detailed boundary layer measurements on a transonic
	turbine cascade.},
   JOURNAL = {Journal of Turbomachinery},
   YEAR = {1992},
   VOLUME = {114},
   NUMBER = {},
   PAGES = {163--172},
   ANNOTE = {}
   }

@ARTICLE {meyer_90,
   AUTHOR = {Meyer, R. X.},
   TITLE = {Quasi-one-dimensional method for calculating asymmetric
	flow through nozzles.},
   JOURNAL = aiaaj,
   YEAR = {1990},
   VOLUME = {28},
   NUMBER = {3},
   PAGES = {421},
   ANNOTE = {* seems to be a simple integral method}
   }

@TECHREPORT {miller_etal_85,
   AUTHOR = {Miller, C. G. and Micol, J. R. and Gnoffo, P. A.},
   TITLE = {Laminar heat-transfer distributions on biconics at
	incidence in hypersonic-hypervelocity flows.},
   INSTITUTION = {},
   YEAR = {1985},
   TYPE = {NASA Technical Peper},
   NUMBER = {2213},
   ADDRESS = {},
   ANNOTE = {* experimental results from the Langley expansion tube}
   }

@INPROCEEDINGS {mirels_87,
   AUTHOR = {Mirels, H.},
   TITLE = {Interaction of moving shock with thin stationary
	thermal layer.},
   BOOKTITLE = {Shock Tubes and Waves},
   YEAR = {1987},
   PAGES = {177--183},
   PUBLISHER = {},
   ANNOTE = {}
   }

@ARTICLE {morduchow_libby_49,
   AUTHOR = {Morduchow, M. and Libby, P. A.},
   TITLE = {On a complete solution of the one-dimensional flow
	equations of a viscous, heat-conducting compressible gas.},
   JOURNAL = {Journal of the Aeronautical Sciences},
   YEAR = {1949},
   VOLUME = {},
   NUMBER = {},
   PAGES = {674--684},
   ANNOTE = {* November issue
	* used by Malik Sievers, Brown University}
   }

@ARTICLE { molder_1967a,
   AUTHOR  = { Molder, S. },
   TITLE   = { Internal, Axisymmetric, Conical Flow. },
   JOURNAL = aiaaj,
   YEAR    = { 1967 },
   VOLUME  = { 5 },
   NUMBER  = { 7 },
   PAGES   = { 1252--1255 },
   ANNOTE  = {}
   }

@INPROCEEDINGS { morgan_1997a,
   AUTHOR    = { Morgan, R. G. },
   TITLE     = { A Review Of The Use Of Expansion Tubes For Creating Superorbital Flows. },
   BOOKTITLE = { 35th Aerospace Sciences Meeting },
   EDITOR    = {},
   YEAR      = { 1997 },
   MONTH     = { January },
   SERIES    = { Paper 97-0279 },
   PUBLISHER = { AIAA },
   ADDRESS   = {},
   ISBN      = {},
   ANNOTE    = {}
   }

@INPROCEEDINGS { morgan_etal_1999a,
   AUTHOR    = { Morgan, R. G. and Sasoh, A. and Littleton, B. and Bishop, A. and
                 McIntyre, T. J. and Hoogland, J. D. and  Gardner, A. D. },
   TITLE     = { Simulation Of Ablative Mixing Layers In Superorbital Flows. },
   BOOKTITLE = { 22nd International Symposium on Shock Waves },
   EDITOR    = {},
   YEAR      = { 1999 },
   MONTH     = { July },
   PAGES     = { Paper 1358 },
   PUBLISHER = {},
   ADDRESS   = { London },
   ISBN      = {},
   ANNOTE    = {}
   }

@INPROCEEDINGS { morgan_etal_2002a,
   AUTHOR    = { Morgan, R.G. and Abdel-Jawad, M. and Mee, D. J. },
   TITLE     = { Sonic Line Location In Reacting Flows. },
   BOOKTITLE = { 40th Aerospace Sciences Meeting and Exhibit },
   EDITOR    = {},
   YEAR      = { 2002 },
   MONTH     = { January },
   SERIES    = { Paper 2002-221 },
   PUBLISHER = { AIAA },
   ADDRESS   = { Reno, NV. },
   ISBN      = {},
   ANNOTE    = {}
   }

-nn-

@TECHREPORT {narayanswami_etal_91,
   AUTHOR = {Narayanswami, N. and Knight, D. and Bogdonoff, S. M. and
	Horstman, C. C.},
   TITLE = {Crossing shock wave - turbulent boundary layer
         interactions.},
   INSTITUTION = {},
   YEAR = {1991},
   TYPE = {AIAA Paper},
   NUMBER = {91-0649},
   ADDRESS = {},
   ANNOTE = {}
   }

@ARTICLE {narayanswami_etal_92,
   AUTHOR = {Narayanswami, N. and Knight, D. and Bogdonoff, S. M. and
	Horstman, C. C.},
   TITLE = {Interaction between crossing oblique shocks and a
	turbulent boundary layer.},
   JOURNAL = aiaaj,
   YEAR = {1992},
   VOLUME = {30},
   NUMBER = {8},
   PAGES = {1945},
   ANNOTE = {}
   }

@TECHREPORT {ng_etal_89,
   AUTHOR = {Ng, W. F. and Kwok, F. T. and Ninnemann, T. A.},
   TITLE = {A concentration probe for the study of mixing in
	supersonic shear flows.},
   INSTITUTION = {},
   YEAR = {1989},
   TYPE = {AIAA Paper},
   NUMBER = {89-2459},
   ADDRESS = {},
   ANNOTE = {}
   }

-oo-

@TECHREPORT {oldenborg_etal_90,
   AUTHOR = {Oldenborg, R. et al}},
   TITLE = {Hypersonic combustion kinetics. Status report of the
	rate constant committee, {NASP} high-speed propulsion
	technology team.},
   INSTITUTION = {},
   YEAR = {1990},
   TYPE = {NASP Technical Memorandum},
   NUMBER = {1107},
   ADDRESS = {},
   ANNOTE = {}
   }

-pp-

@TECHREPORT {pace_lu_91,
   AUTHOR = {Pace, E. G. and Lu, F. K.},
   TITLE = {On the scale of surface features in hypersonic 
	shock boundary-layer interactions.},
   INSTITUTION = {},
   YEAR = {1991},
   TYPE = {AIAA Paper},
   NUMBER = {91-1769},
   ADDRESS = {},
   ANNOTE = {}
   }

@INPROCEEDINGS { palmer_morgan_1999a,
   AUTHOR    = { Palmer, R. A. and Morgan, R. G. },
   TITLE     = { Total Radiative And Convective Heat Transfer To Reentry Bodies 
                 At Superorbital Velocities. },
   BOOKTITLE = { 22nd International Symposium on Shock Waves },
   EDITOR    = {},
   YEAR      = { 1999 },
   MONTH     = { July },
   SERIES    = { Paper 3000 },
   PUBLISHER = {},
   ADDRESS   = { London },
   ISBN      = {},
   ANNOTE    = {}
   }

@BOOK {park_90,
   AUTHOR = {Park, C.},
   TITLE = {Nonequilibrium hypersonic aerothermodynamics.},
   PUBLISHER = {John Wiley {and} Sons},
   ADDRESS = {New York},
   YEAR = {1990},
   ANNOTE = {* survey of high temperature gas dynamics}
   }

@TECHREPORT {park_etal_91,
   AUTHOR = {Park, C.},
   TITLE = {Chemical-kinetic problems of future {NASA} missions.},
   INSTITUTION = {},
   YEAR = {1991},
   TYPE = {AIAA Paper},
   NUMBER = {91-0464},
   ADDRESS = {},
   ANNOTE = {* prelinimary data -- not referencable}
   }

@ARTICLE { park_ahn_1998a,
   AUTHOR  = { Park, C. and Ahn, H. -K. },
   TITLE   = { Stagnation Point Heat Transfer Rates For {Pioneer} {Venus} Probes. },
   JOURNAL = aiaaj,
   YEAR    = { 1998 },
   VOLUME  = { 36 },
   NUMBER  = { 1 },
   PAGES   = { 33--41 },
   ANNOTE  = {}
   }

@INPROCEEDINGS { parker_etal_2010a,
   AUTHOR    = { Parker, R. and MacLean, M. and Holden, M. and and Wakeman, T. },
   TITLE     = { Shock Front Radiation Studies at {CUBRC}. },
   BOOKTITLE = { 48TH AIAA Aerospace Sciences Meeting & Exhibit, Orlando, Florida. },
   EDITOR    = {},
   YEAR      = { 2010 },
   MONTH     = { January },
   PAGES     = { Paper 2010-1370 },
   PUBLISHER = { AIAA },
   ADDRESS   = {},
   ISBN      = {},
   ANNOTE    = {}
   }

@ARTICLE {pauley_dagher_93,
   AUTHOR = {Pauley, L. L. and Dagher, S. N.},
   TITLE = {Supersonic boundary-layer stability in a
         high-area-ratio nozzle.},
   JOURNAL = aiaaj,
   YEAR = {1993},
   VOLUME = {31},
   NUMBER = {3},
   PAGES = {534},
   ANNOTE = {}
   }

@ARTICLE { pitts_wakefield_1980a,
   AUTHOR  = { Pitts, W. C. and Wakefield, R. M. },
   TITLE   = { Performance Of Entry Heat Shields On {Pioneer} {Venus} Probes. },
   JOURNAL = { Journal of Geophysical Research },
   YEAR    = { 1980 },
   VOLUME  = { 85 },
   NUMBER  = { A13 },
   PAGES   = { 8333--8372 },
   ANNOTE  = {}
   }

@ARTICLE {powers_92,
   AUTHOR = {Powers, J. M.},
   TITLE = {Comment on ``Approximate formula of weak oblique shock
         wave angle".},
   JOURNAL = aiaaj,
   YEAR = {1992},
   VOLUME = {30},
   NUMBER = {11},
   PAGES = {2801},
   ANNOTE = {* highlights the high M approx of Liepmann and Roshko}
   }

@TECHREPORT { prabhu_erickson_88,
   AUTHOR      = { Prabhu, R. K. and Erickson, W. D. },
   TITLE       = { A rapid method for the computation of
                  equilibrium chemical composition of air 
                  to 15000 K. },
   INSTITUTION = { NASA },
   ADDRESS     = {},
   YEAR        = { 1988 },
   MONTH       = {},
   TYPE        = { Technical Paper },
   NUMBER      = { 2792 },
   ANNOTE      = {}
   }

@ARTICLE {probstein_57,
   AUTHOR = {Probstein, R. F.},
   TITLE = {Inversion of the {Prandtl}-{Meyer} relation for 
	specific-heat ratios of 5/3 and 5/4.},
   JOURNAL = {Journal of the Aeronautical Sciences},
   YEAR = {1957},
   VOLUME = {24},
   NUMBER = {},
   PAGES = {316--317},
   ANNOTE = {}
   }

-qq-

@ARTICLE {qin_etal_91,
   AUTHOR = {Qin, N. and Scriba, K. W. and Richards, B. E.},
   TITLE = {Shock-shock, shock-vortex interaction and aerodynamic
	heating in hypersonic corner flow.},
   JOURNAL = {The Aeronautical Journal},
   YEAR = {1991},
   VOLUME = {95},
   NUMBER = {945},
   PAGES = {152--160},
   ANNOTE = {}
   }

-rr-

@TECHREPORT { rasheed_etal_2000a,
   AUTHOR      = { Rasheed, A. and Fujii, K. and Valiferdowsi, B. and Hornung, H. G. },
   TITLE       = { Preliminary Experimental Investigation Of The Flow 
                   Over A Toroidal Ballute. },
   INSTITUTION = { California Institute Of Technology },
   ADDRESS     = { Pasadena, Ca. },
   YEAR        = { 2000 },
   MONTH       = {},
   TYPE        = { GALCIT Report },
   NUMBER      = { FM 00-4 },
   ANNOTE      = {}
   }

@BOOK { reid_etal_87,
   AUTHOR    = { Reid, R. C. and Prausnitz, J. M. and
                 Poling, B. E. },
   TITLE     = { The Properties of Gases and Liquids, 4th Ed. },
   PUBLISHER = {},
   ADDRESS   = {},
   YEAR      = { 1987 },
   ISBN      = {},
   ANNOTE    = { TP242.R4 1987 }
   }

@TECHREPORT { ried_etal_1972a,
   AUTHOR      = { Ried, R. R. and  Rochelle, W. C. and Milhoan, J. D. },
   TITLE       = { Radiative Heating to the {Apollo} Command Module: 
                   Engineering Prediction and Flight Measurement.},
   INSTITUTION = { NASA },
   ADDRESS     = {},
   YEAR        = { 1972 },
   MONTH       = {},
   TYPE        = { Technical Memorandum },
   NUMBER      = { Z-58091 },
   ANNOTE      = {}
   }

@ARTICLE {riley_etal_90,
   AUTHOR = {Riley, C. J. and DeJarnette, F. R. and Zoby, E. V.},
   TITLE = {Surface pressure and streamline effects on laminar
	heating calculations.},
   JOURNAL = aiaajsr,
   YEAR = {1990},
   VOLUME = {27},
   NUMBER = {1},
   PAGES = {9--14},
   ANNOTE = {}
   }

@ARTICLE {rizzetta_etal_78,
   AUTHOR = {Rizzetta, D. R. and Burggraf, O. R. and Jenson, R.},
   TITLE = {Triple-deck solutions for viscous supersonic and
	hypersonic flow past corners.},
   JOURNAL = jfm,
   YEAR = {1978},
   VOLUME = {89},
   NUMBER = {3},
   PAGES = {535--552},
   ANNOTE = {}
   }

@ARTICLE {rose_stark_58,
   AUTHOR = {Rose, P. H. and Stark, W. I. },
   TITLE = { Stagnation point heat-transfer measurements in dissociated
         air. },
   JOURNAL = { Journal of the Aeronautical Sciences },
   YEAR = { 1958 },
   VOLUME = {},
   NUMBER = { February },
   PAGES = { 86--97 },
   ANNOTE = {}
   }

-ss-

@ARTICLE { sakamoto_etal_93,
   AUTHOR = { Sakamoto, I. and Higashino, F. and Holl, R. },
   TITLE = { Focusing of reflected shock waves analysed by means of
         geometrical shock dynamics. },
   JOURNAL = { JSME International Journal, Series B. },
   YEAR = { 1993 },
   VOLUME = { 36 },
   NUMBER = { 1 },
   PAGES = { 560--566 },
   ANNOTE = {}
   }

@TECHREPORT {salas_91,
   AUTHOR = {Salas, M. D.},
   TITLE = {Shock wave interaction with an abrupt area change.},
   INSTITUTION = {},
   YEAR = {1991},
   TYPE = nasatp,
   NUMBER = {3113},
   ADDRESS = {},
   ANNOTE = {* sudden contraction or expansion -- quasi-1-D
	* several possible, self-similar solutions depending upon
	incident Mach number and area ratio
	}
   }

@ARTICLE { sasoh_etal_2000a,
   AUTHOR  = { Sasoh A, Morgan RG, Littleton BN, McIntyre TJ, Bishop AI },
   TITLE   = { High-Enthalpy Expansion Tube Experiments With Gas Injection. },
   JOURNAL = aiaaj,
   YEAR    = { 2000 },
   VOLUME  = { 38 },
   NUMBER  = { 12 },
   PAGES   = { 2253--2259 },
   ANNOTE  = {}
   }

@ARTICLE {sawada_dendou_2001a,
   AUTHOR  = { Sawada, K. and Dendou, E. },
   TITLE   = { Validation of hypersonic chemical equilibrium flow calculations
               using ballistic-range data. },
   JOURNAL = { Shock Waves },
   YEAR    = { 2001 },
   VOLUME  = { 11 },
   NUMBER  = {},
   PAGES   = { 43--51 },
   ANNOTE  = {}
   }

@BOOK {schlichting_68,
   AUTHOR = {Schlichting, H.},
   TITLE = {Boundary-Layer Theory.},
   PUBLISHER = {McGraw-Hill},
   ADDRESS = {New York},
   YEAR = {1968},
   ANNOTE = {}
   }

@ARTICLE {schmidt_cresci_71,
   AUTHOR = {Schmidt, E. M. and Cresci, R. J.},
   TITLE = {Hot-wire anemometry in low-density flows.},
   JOURNAL = aiaaj,
   YEAR = {1971},
   VOLUME = {9},
   NUMBER = {10},
   PAGES = {2019--2027},
   ANNOTE = {}
   }

@ARTICLE {schmidt_etal_84,
   AUTHOR = {Schmidt, B. and Seiler, F. and Worner, M.},
   TITLE = {Shock structure near a wall in pure inert gas and in
	binary inert-gas mixtures.},
   JOURNAL = jfm,
   YEAR = {1984},
   VOLUME = {143},
   NUMBER = {},
   PAGES = {305--326},
   ANNOTE = {* shows a foot moving forward near the wall
	* this seemed to occur for the Mach8 nozzle simulations
	that I did for ICASE-91-1.
	}
   }

@ARTICLE { schohl_93,
   AUTHOR = { Schohl, G. A. },
   TITLE = { Improved approximate method for simulating
         frequency-dependent friction in transient laminar flow. },
   JOURNAL = { Transactions of the ASME. Journal of Fluids Engineering. },
   YEAR = { 1993 },
   VOLUME = { 115 },
   NUMBER = {},
   PAGES = { 420--424 },
   ANNOTE = {}
   }

@TECHREPORT {schultz_jones_??,
   AUTHOR = { Schultz, D. L. and Jones, T. V. },
   TITLE = { Heat-transfer measurements in short-duration hypersonic
         facilities. },
   INSTITUTION = {},
   YEAR = {},
   TYPE = { AGARDograph },
   NUMBER = { 165 },
   ADDRESS = {},
   ANNOTE = {}
   }

@TECHREPORT {scroggs_90,
   AUTHOR = {Scroggs, J. S.},
   TITLE = {Shock-layer bounds for a singularly perturbed equation.},
   INSTITUTION = {},
   YEAR = {1990},
   TYPE = {ICASE Report},
   NUMBER = {90-52},
   ADDRESS = {},
   ANNOTE = {* Jeff's proof of the shock thickness estimate
	first stated in Liepmann and Roshko 1957
	}
   }

@TECHREPORT { silvester_2005a,
   AUTHOR      = { Silvester, T. B. },
   TITLE       = { Experimental and numerical investigation of 
                   multidimensional hypervelocity flows. },
   INSTITUTION = { The University of Queensland },
   ADDRESS     = { Brisbane, Australia. },
   YEAR        = { 2005 },
   MONTH       = { March },
   TYPE        = { {PhD} Thesis },
   NUMBER      = {},
   ANNOTE      = {}
   }

@BOOK {shapiro_53,
   AUTHOR = {Shapiro, A. H.},
   TITLE = {The Dynamics and Thermodynamics of Compressible Fluid
	Flow},
   PUBLISHER = {Roland Press},
   ADDRESS = {New York},
   YEAR = {1953},
   ANNOTE = {* generalized one-dimensional flow equations
	among other things}
   }

@ARTICLE {skebe_etal_87,
   AUTHOR = {Skebe, S. A. and Greber, I. and Hingst, W. R.},
   TITLE = {Investigation of Two-dimensional shock-wave/
	boundary-layer interactions.},
   JOURNAL = aiaaj,
   YEAR = {1987},
   VOLUME = {25},
   NUMBER = {6},
   PAGES = {777--783},
   ANNOTE = {* based on a PhD thesis - will need to get this for
	detailed data -- plots in the aiaa paper are too damned
	small
	* there seem to be some problems with the experiment
	as the BL on the shock generator changes the shock
	strength and the BL sometimes goes transitional after
	the shock
	}
   }

@ARTICLE {smart_stalker_91,
   AUTHOR = {Smart, M. K. and Stalker, R. J.},
   TITLE = {The glancing interaction of a {Prandtl}-{Meyer} 
	expansion fan with a supersonic wake.},
   JOURNAL = taj,
   YEAR = {1991},
   VOLUME = {February},
   NUMBER = {},
   PAGES = {39--47},
   ANNOTE = {}
   }

@ARTICLE { spencer_braun_1996a,
   AUTHOR  = {Spencer, R. D. and Braun, R. D. },
   TITLE   = { Mars {Pathfinder} Atmospheric Entry: 
               Trajectory Design And Dispersion Analysis },
   JOURNAL = aiaajsr,
   YEAR    = { 1996 },
   VOLUME  = { 31 },
   NUMBER  = {},
   PAGES   = { 670--676 },
   ANNOTE  = {}
   }

@ARTICLE {srikanth_rathakrishnan_92,
   AUTHOR = {Srikanth, R. and Rathakrishnan, E.},
   TITLE = {Application of digital {Moire} interferometry for mapping
         conical flows.},
   JOURNAL = {Transactions of the JSME, Journal of Fluids Engineering.},
   YEAR = {1992},
   VOLUME = {114},
   NUMBER = {},
   PAGES = {246--249},
   ANNOTE = {}
   }

@TECHREPORT {srinivasan_etal_87,
   AUTHOR = {Srinivasan, S. and Tannehill, J. C. and 
	Weilmuenster, K. J.},
   TITLE = {Simplified curve fits for the thermodynamic properties of 
	equilibrium air.},
   INSTITUTION = {},
   YEAR = {1987},
   TYPE = {NASA Reference Publication},
   NUMBER = {1181},
   ADDRESS = {},
   ANNOTE = {* seems to be known as the tannehil curve fits
	* used in the cfl3de code
	* M. -S. Liou seems to think that there are smoothness
	problems for some iterative schemes
	* this seems to have been echoed for some viscous calulations
	by H. Yee and company}
   }

@TECHREPORT {srinivasan_tannehill_87,
   AUTHOR = {Srinivasan, S. and Tannehill, J. C.},
   TITLE = {Simplified curve fits for the transport properties of
	equilibrium air.},
   INSTITUTION = {Iowa State University},
   YEAR = {1987},
   TYPE = {NASA Contractor Report},
   NUMBER = {178411},
   ADDRESS = {},
   ANNOTE = {curve fits for equilibrium air
	viscosity and Prandtl number as functions of energy and 
	density}
   }

@ARTICLE {stacey_simmons_92,
   AUTHOR = {Stacey, C. H. B. and Simmons, J. M.},
   TITLE = {Measurement of shock-wave/boundary-layer interaction
	in a free-piston shock tunnel.},
   JOURNAL = aiaaj,
   YEAR = {1992},
   VOLUME = {30},
   NUMBER = {8},
   PAGES = {2095},
   ANNOTE = {}
   }

@ARTICLE { stalker_89b,
   AUTHOR  = { Stalker, R. J. },
   TITLE   = { Approximations For Non-Equilibrium Hypervelocity Aerodynamics. },
   JOURNAL = aiaaj,
   YEAR    = { 1989 },
   VOLUME  = { 27 },
   NUMBER  = { 12 },
   PAGES   = { 1761--1769 },
   ANNOTE  = {}
   }

@ARTICLE { stalker_edwards_1998a,
   AUTHOR  = { Stalker, R. J. and Edwards, B. P. },
   TITLE   = { Hypersonic Blunt Body Flows In Hydrogen-Neon Mixtures. },
   JOURNAL = aiaajsr,
   YEAR    = { 1998 },
   VOLUME  = { 35 },
   NUMBER  = { 6 },
   PAGES   = { 729--735 },
   ANNOTE  = {}
   }

@TECHREPORT {stetson_etal_83,
   AUTHOR = {Stetson, K. F. and Thompson, E. R. and Donaldson, J. C.
	and Siler, L. G.},
   TITLE = {Laminar boundary layer stability experiments on a cone
	at {Mach} 8. {Part} 1: {Sharp} cone.},
   INSTITUTION = {},
   YEAR = {1983},
   TYPE = {AIAA Paper},
   NUMBER = {83-1761},
   ADDRESS = {},
   ANNOTE = {}
   }

@BOOK {streeter_wylie_81,
   AUTHOR = {Streeter, V. L. and Wylie, E. B.},
   TITLE = {Fluid Mechanics},
   PUBLISHER = {McGraw-Hill Ryerson},
   ADDRESS = {Toronto},
   YEAR = {1981},
   ANNOTE = {}
   }

@INPROCEEDINGS {sturtevant_87,
   AUTHOR = {Sturtevant, B.},
   TITLE = {{Rayleigh}-{Taylor} instability in compressible fluids.},
   BOOKTITLE = {Shock Tubes and Waves},
   YEAR = {1987},
   PAGES = {},
   PUBLISHER = {},
   ANNOTE = {}
   }

@ARTICLE {suzuki_91,
   AUTHOR = {Suzuki, K.},
   TITLE = {Topology of a computed incompressible three-dimensional
	separated flow field around a high-angle-of-attack
	cone-cylinder.},
   JOURNAL = caf,
   YEAR = {1991},
   VOLUME = {19},
   NUMBER = {3/4},
   PAGES = {315--334},
   ANNOTE = {}
   }

-tt-

@ARTICLE {taniguchi_etal_92,
   AUTHOR = {Taniguchi, H. and Kudo, K. and Otaka, M. and Sumarsono, M.},
   TITLE = {Development of a {Monte} {Carlo} method for numerical
	analysis on radiative energy transfer through non-grey-gas layer.},
   JOURNAL = ijnme,
   YEAR = {1992},
   VOLUME = {35},
   NUMBER = {},
   PAGES = {883--891},
   ANNOTE = {}
   }

@ARTICLE {taylor_maccoll_33,
   AUTHOR = {Taylor, G. I. and Maccoll, J. W.},
   TITLE = {The air pressure on a cone moving at high speed.},
   JOURNAL = {Proc. Roy. Soc. (London) Ser. A},
   YEAR = {1933},
   VOLUME = {139},
   NUMBER = {},
   PAGES = {278--311},
   ANNOTE = {}
   }

@BOOK {thompson_72,
   AUTHOR = {Thompson, P. A.},
   TITLE = {Compressible Gas Dynamics},
   PUBLISHER = {McGraw Hill},
   ADDRESS = {New York},
   YEAR = {1972},
   ANNOTE = {* shallow water equations}
   }

@TECHREPORT {thompson_etal_90,
   AUTHOR = {Thompson, R. A. and Lee, K. -P. and Gupta, R. N.},
   TITLE = {Computer codes for the evaluation of thermodynamic
	properties, transport properties, and equilibrium constants
	of an 11-species air model.},
   INSTITUTION = {},
   YEAR = {1990},
   TYPE = {NASA Technical Memorandum},
   NUMBER = {102602},
   ADDRESS = {},
   ANNOTE = {}
   }

@ARTICLE {thornock_brown_72,
   AUTHOR = { Thornock, R. L. and Brown, E. F. },
   TITLE = { An experimental study of compressible flow through
         convergent-conical nozzles, including a comparison with
         theoretical results. },
   JOURNAL = { Transactions of the {ASME} Journal of Basic Engineering },
   YEAR = { 1972 },
   VOLUME = { 94 },
   NUMBER = {},
   PAGES = { 926--932 },
   ANNOTE = {}
   }

-uu-
-vv-

@ARTICLE { vasilev_etal_94,
   AUTHOR  = { Vasilev, V. I. and Zakotenko, S. N. and
           Krasheninnikov, S. Ju and Stepanov, V. A. },
   TITLE   = { Numerical investigation of mixing augmentation behind
           oblique shock waves. },
   JOURNAL = aiaaj,
   YEAR    = { 1994 },
   VOLUME  = { 32 },
   NUMBER  = { 2 },
   PAGES   = { 311--316 },
   ANNOTE  = {}
   }

@INPROCEEDINGS { vidal_wittliff_62,
   AUTHOR    = { Vidal, R. J. and Wittliff, C. E. },
   TITLE     = { Hypersonic low density studies of blunt and
                 slender bodies. },
   BOOKTITLE = { Rarefied Gas Dynamics Volume II 
                 (Proceedings of the Third International Symposium on
                  Rarefied Gas Dynamics) },
   EDITOR    = {},
   YEAR      = { 1963 },
   MONTH     = {},
   PAGES     = { 343--378 },
   PUBLISHER = {},
   ADDRESS   = {},
   ISBN      = {},
   ANNOTE    = { * Description of the CAL six-foot shock tunnel used as
                   the test facility 
                 * high stagnation temperature of the test gas prevents
                   liqufaction and keep thermochemical nonequilibrium
                   effects small
               }
   }

-ww-

@ARTICLE {walker_etal_89,
   AUTHOR = {Walker, D. A. and Ng, W. F. and Walker, M. D.},
   TITLE = {Experimental comparison of two hot-wire techniques
	in supersonic flow.},
   JOURNAL = aiaaj,
   YEAR = {1989},
   VOLUME = {27},
   NUMBER = {8},
   PAGES = {1074--1080},
   ANNOTE = {}
   }

@ARTICLE {walker_walker_90,
   AUTHOR = {Walker, D. A. and Walker, M. D.},
   TITLE = {Method for fasr sine-wave calibration of hot-wire
	frequency response.},
   JOURNAL = {Rev. Sci. Instrum.},
   YEAR = {1990},
   VOLUME = {61},
   NUMBER = {3},
   PAGES = {1131--1135},
   ANNOTE = {}
   }

@ARTICLE {walsh_etal_53,
   AUTHOR = {Walsh, J. M. and Shreffler, R. G. and Willig, R. J.},
   TITLE = {Limiting conditions for jet formation in high velocity
         collisions. },
   JOURNAL = {Journal of Applied Physics},
   YEAR = {1953},
   VOLUME = {24},
   NUMBER = {},
   PAGES = {349},
   ANNOTE = {}
   }

@INPROCEEDINGS { wegener_etal_2001a,
   AUTHOR    = { Wegener, M. and  Sutcliffe, M. and Morgan, R. G. and
                 McIntyre, T. J. and Rubinsztein-Dunlop, H. },
   TITLE     = { Diagnostics Of A Range Of Highly Superorbital Carbon Dioxide Flows. },
   BOOKTITLE = { 39th Aerospace Sciences Meeting \& Exhibit },
   EDITOR    = {},
   YEAR      = { 2001 },
   MONTH     = { January },
   SERIES    = { Paper 2001-0304 },
   PUBLISHER = { AIAA },
   ADDRESS   = { Reno, NV. },
   ISBN      = {},
   ANNOTE    = {}
   }

@ARTICLE { weilmuenster_etal_94a,
   AUTHOR  = { Weilmuenster, K. J. and Gnoffo, P. A. and Greene, F. A. },
   TITLE   = { {Navier}-{Stokes} simulations of {Orbiter} aerodynamic
               characteristics including pitch trim and bodyflap. },
   JOURNAL = aiaajsr,
   YEAR    = { 1994 },
   VOLUME  = { 31 },
   NUMBER  = { 3 },
   PAGES   = { 355--366 },
   ANNOTE  = { * discusses the pitching-moment anomaly
               * nonequilibrium chemistry
             }
   }

@ARTICLE {weinstein_73,
   AUTHOR = {Weinstein, L. M.},
   TITLE = {Hot-wire coil probe for high-speed flows.},
   JOURNAL = aiaaj,
   YEAR = {1973},
   VOLUME = {11},
   NUMBER = {12},
   PAGES = {1772--1773},
   ANNOTE = {}
   }

@ARTICLE {weinstein_71,
   AUTHOR = {Weinstein, L. M.},
   TITLE = {A shielded fine-wire probe for rapid measurement of
	total temperature in high-speed flows.},
   JOURNAL = {J. Spacecraft},
   YEAR = {1971},
   VOLUME = {8},
   NUMBER = {4},
   PAGES = {425-428},
   ANNOTE = {* time of thermal response 1 -- 10 ms}
   }

@TECHREPORT {weinstein_91,
   AUTHOR = {Weinstein, L. M.},
   TITLE = {An improved large-field focusing {Schlieren} system.},
   INSTITUTION = {},
   YEAR = {1991},
   TYPE = {AIAA Paper},
   NUMBER = {91-0567},
   ADDRESS = {},
   ANNOTE = {}
   }

@ARTICLE {weinstein_93,
   AUTHOR = {Weinstein, L. M.},
   TITLE = { Large-field high-brightness focussing {Schlieren} system. },
   JOURNAL = aiaaj,
   YEAR = {1993},
   VOLUME = {31},
   NUMBER = {7},
   PAGES = {1250--1255},
   ANNOTE = {* was AIAA 91-0567 }
   }

@ARTICLE {weiting_92,
   AUTHOR = {Weiting, A. R.},
   TITLE = {Multiple shock-shock interference on a cylindrical leading
	edge.},
   JOURNAL = aiaaj,
   YEAR = {1992},
   VOLUME = {30},
   NUMBER = {8},
   PAGES = {2073},
   ANNOTE = {}
   }

@BOOK {white_74,
   AUTHOR = {White, F. M.},
   TITLE = {Viscous Fluid Flow.},
   PUBLISHER = {McGraw-Hill},
   ADDRESS = {New York},
   YEAR = {1974},
   ANNOTE = {good compressible boundary layer section}
   }

@ARTICLE {whitham_57,
   AUTHOR = {Whitham, G. B.},
   TITLE = {A new approach to problems of shock dynamics,
         Part 1, Two-dimensional problems.},
   JOURNAL = jfm,
   YEAR = {1957},
   VOLUME = {2},
   NUMBER = {},
   PAGES = {145--171},
   ANNOTE = {* shocks reflection from concave walls}
   }

@ARTICLE {wilke_50,
   AUTHOR = {Wilke, C. R.},
   TITLE = {A viscosity equation for gas mixtures.},
   JOURNAL = {Journal of Chemical Physics},
   YEAR = {1950},
   VOLUME = {18},
   NUMBER = {},
   PAGES = {517--519},
   ANNOTE = {}
   }

@TECHREPORT { wilson_1991,
   AUTHOR      = { Wilson, G. J. },
   TITLE       = { Computation of steady and unsteady shock-induced combustion over hypervelocity blunt bodies. },
   INSTITUTION = { Stanford University },
   ADDRESS     = { California. },
   YEAR        = { 1991 },
   MONTH       = { December },
   TYPE        = { {PhD} Thesis },
   NUMBER      = {},
   ANNOTE      = {}
   }

@ARTICLE {wolf_93,
   AUTHOR = {Wolf, T.},
   TITLE = {Comment on {Approximate} formula of weak oblique
         shock wave angle. },
   JOURNAL = aiaaj,
   YEAR = {1993},
   VOLUME = {31},
   NUMBER = {7},
   PAGES = {1363},
   ANNOTE = {}
   }

@TECHREPORT {wooden_hull_90,
   AUTHOR = {Wooden, P. and Hull, G.},
   TITLE = {Correlation of measured and theoretical heat transfer
	and skin friction at hypersonic speeds, including {Reynolds}
	analogy.},
   INSTITUTION = {},
   YEAR = {1990},
   TYPE = {AIAA Paper},
   NUMBER = {90-5244},
   ADDRESS = {},
   ANNOTE = {}
   }

@BOOK {vanwylen_sonntag_78,
   AUTHOR = {Van Wylen, G. J. and Sonntag, R. E.},
   TITLE = {Fundamentals of Classical Thermodynamics. 2ed.},
   PUBLISHER = {Wiley},
   ADDRESS = {},
   YEAR = {1978},
   ANNOTE = {}
   }

-xx-
-yy-

@ARTICLE {yates_93,
   AUTHOR = { Yates, L. A. },
   TITLE = { Images constructed from computed flowfields. },
   JOURNAL = aiaaj,
   YEAR = { 1993 },
   VOLUME = { 31 },
   NUMBER = { 10 },
   PAGES = { 1877--1884 },
   ANNOTE = {}
   }

@ARTICLE {young_93,
   AUTHOR = {Young, F. M.},
   TITLE = {Generalized one-dimensional, steady, compressible flow.},
   JOURNAL = aiaaj,
   YEAR = {1993},
   VOLUME = {31},
   NUMBER = {1},
   PAGES = {204--208},
   ANNOTE = {}
   }

@ARTICLE {youngs_91,
   AUTHOR = {Youngs, D. L.},
   TITLE = {Three-dimensional numerical simulation of turbulent
	mixing by {Rayleigh}-{Taylor} instability.},
   JOURNAL = pfa,
   YEAR = {1991},
   VOLUME = {3},
   NUMBER = {5},
   PAGES = {1312--1320},
   ANNOTE = {}
   }

-zz-

@ARTICLE {zeman_92,
   AUTHOR = {Zeman, O.},
   TITLE = {Similarity in supersonic mixing layers.},
   JOURNAL = aiaaj,
   YEAR = {1992},
   VOLUME = {30},
   NUMBER = {5},
   PAGES = {1277},
   ANNOTE = {}
   }

@ARTICLE {zeitoun_etal_91,
   AUTHOR = {Zeitoun, D. and Maurel, M. and Imbert, M and Brun, R.},
   TITLE = {Numerical analysis of mixing of nonequilibrium
	supersonic flows.},
   JOURNAL = aiaaj,
   YEAR = {1991},
   VOLUME = {29},
   NUMBER = {3},
   PAGES = {425--430},
   ANNOTE = {}
   }

@INPROCEEDINGS { zhigalko_kolyshkina_??,
   AUTHOR    = { Zhigalko, E. and Kolyshkina, L. L. },
   TITLE     = { Visualization of complex fast phenomena in gas. },
   BOOKTITLE = { Atlas of Visualization },
   EDITOR    = { The Visualization Society of Japan },
   YEAR      = {},
   MONTH     = {},
   PAGES     = { 139 },
   PUBLISHER = { Pergamon Press },
   ADDRESS   = { Oxford },
   ISBN      = {},
   ANNOTE    = {}
   }

@ARTICLE {zhuk_popov_88,
   AUTHOR = {Zhuk, V. I. and Popov, S. P.},
   TITLE = {Nonsteady detachment wave in a boundary layer in
	supersonic streamline flow.},
   JOURNAL = {Soviet Physics Doklady},
   YEAR = {1988},
   VOLUME = {33},
   NUMBER = {12},
   PAGES = {869--870},
   ANNOTE = {* analytical model for a moving separation bubble}
   }

@ARTICLE {zoby_thompson_90,
   AUTHOR = {Zoby, E. V. and Thompson, R. A.},
   TITLE = {Flowfield and vehicle parameter influence on hypersonic
	heat transfer and drag.},
   JOURNAL = aiaajsr,
   YEAR = {1990},
   VOLUME = {27},
   NUMBER = {4},
   PAGES = {361--368},
   ANNOTE = {}
   }

@BOOK { zucrow_hoffman_76,
   AUTHOR    = { Zucrow, M. J. and Hoffman, J. D. },
   TITLE     = { Gas Dynamics Volume 1 },
   PUBLISHER = { John Wiley \& Sons },
   ADDRESS   = { New York },
   YEAR      = { 1976 },
   ISBN      = { 0-471-98440-X },
   ANNOTE    = {}
   }

