@string {arfm = "Annual Review of Fluid Mechanics"}
@string {jfm  = "Journal of Fluid Mechanics"}
@string {jcp  = "Journal of Computational Physics"}

@string {pf  = "The Physics of Fluids"}
@string {pfa = "The Physics of Fluids (A)"}
@string {pfb = "The Physics of Fluids (B)"}

@string {caf   = "Computers and Fluids"}
@string {cmame = " Computer Methods in Applied Mechanics and Engineering"}

@string {taj   = "The Aeronautical Journal"}

@string {aiaaj     = "A.I.A.A. Journal"}
@string {aiaajsr   = "A.I.A.A. Journal of Spacecraft and Rockets"}
@string {aiaajpp   = "A.I.A.A. Journal of Propulsion and Power"}
@string {aiaaja    = "A.I.A.A. Journal of Aircraft"}
@string {aiaajtpht = "A.I.A.A. Journal of Thermophysics and Heat Transfer"}

@string {ijnmf = "International Journal for Numerical Methods in Fluids"}
@string {ijnme = "International Journal for Numerical Methods in Engineering"}
@string {ijhff = "International Journal for Heat and Fluid Flow"}

@string {siamssc = "SIAM Journal on Scientific and Statistical Computing"}
@string {siamna  = "SIAM Journal on Numerical Analysis"}

@string {nasatp = "NASA Technical Paper"}
@string {nasatm = "NASA Technical Memorandum"}
@string {nasacr = "NASA Contractor Report"}

-aa-

@INPROCEEDINGS { akay_etal_93,
   AUTHOR    = { Akay, H. U. and Blech, R. and Ecer, A. and Ercoskun, D.
                 and Kemle, B. and Quealy, A. and Williams, A. },
   TITLE     = { A database management system for parallel processing of
                 {CFD} algorithms. },
   BOOKTITLE = { Parallel Computational Fluid Dynamics '92 },
   EDITOR    = { Pelz, R. B. and Ecer, A. and Hauser, J. },
   YEAR      = { 1993 },
   MONTH     = {},
   PAGES     = { 9--23 },
   PUBLISHER = { Elsevier },
   ADDRESS   = {},
   ISBN      = {},
   ANNOTE    = {}
   }

-bb-

@TECHREPORT {bailey_90,
   AUTHOR = {Bailey, J.},
   TITLE = {Implementing fine-grained scientific algorithms on
	the {Connection} {Machine} supercomputer.},
   INSTITUTION = {},
   YEAR = {1990},
   TYPE = {Thinking Machines Technical Report Series},
   NUMBER = {TR90-1},
   ADDRESS = {},
   ANNOTE = {}
   }

@TECHREPORT {berryman_saltz_90,
   AUTHOR = {Berryman, H. and Saltz, J.},
   TITLE = {A manual for the PARTI runtime primitives.},
   INSTITUTION = {},
   YEAR = {1990},
   TYPE = {ICASE Interim Report},
   NUMBER = {13},
   ADDRESS = {},
   ANNOTE = {}
   }

@TECHREPORT {berryman_etal_90,
   AUTHOR = {Berryman, H. and Saltz, J. and Scroggs, J.},
   TITLE = {Execution time support for adaptive scientific
	algorithms on distributed memory machines.},
   INSTITUTION = {},
   YEAR = {1990},
   TYPE = {ICASE Report},
   NUMBER = {90-41},
   ADDRESS = {},
   ANNOTE = {}
   }

@ARTICLE {boghosian_90,
   AUTHOR = {Boghosian, B. M.},
   TITLE = {Computational physics on the {Connection} {Machine}.},
   JOURNAL = {Computers in Physics},
   YEAR = {1990},
   VOLUME = {Jan/Feb},
   NUMBER = {},
   PAGES = {},
   ANNOTE = {}
   }

-cc-
-dd-
-ee-

@ARTICLE { ecer_etal_94,
   AUTHOR  = { Ecer, A. and Akay, H. U. and Kemle, W. B. and
               Wang, H. and Ercoskun, D. },
   TITLE   = { Parallel computation of fluid dynamics problems. },
   JOURNAL = cmame,
   YEAR    = { 1994 },
   VOLUME  = { 112 },
   NUMBER  = {},
   PAGES   = { 91--108 },
   ANNOTE  = {}
   }

-ff-

@TECHREPORT {furlani_lordi_89b,
   AUTHOR = {Furlani, T. R. and Lordi, J. A.},
   TITLE = {A comparison of parallel algorithms for the direct
	simulation Monte Carlo method II: Application to
	exhaust plume flowfields.},
   INSTITUTION = {},
   YEAR = {1989},
   TYPE = {AIAA Paper},
   NUMBER = {89-1667},
   ADDRESS = {},
   ANNOTE = {AIAA 24th Thermophysics conference
	hypercube implementation}
   }

@INPROCEEDINGS {furlani_lordi_89a,
   AUTHOR = {Furlani, T. R. and Lordi, J. A.},
   TITLE = {Comparison of parallel algorithms for the direct
	simulation Monte Carlo Method: Application to
	exhaust plume flowfields.},
   BOOKTITLE = {Rarefied Gas Dynamics: Theoretical and
	Computational Techniques},
   YEAR = {1989},
   PAGES = {227--244},
   PUBLISHER = {AIAA},
   ANNOTE = {hypercube implementation}
   }

@ARTICLE {furlani_lordi_90,
   AUTHOR = {Furlani, T. R. and Lordi, J. A.},
   TITLE = {Implementation of the direct simulation {Monte}
	{Carlo} method fo an exhaust plume flowfield in a parallel
	computing environment.},
   JOURNAL = caf,
   YEAR = {1990},
   VOLUME = {18},
   NUMBER = {2},
   PAGES = {217-227},
   ANNOTE = {hypercube implementation}
   }

-gg-

@BOOK {gropp_etal_1994a,
   AUTHOR    = {Gropp, W. and Lusk, E. and Skjellum, A.},
   TITLE     = { Using {MPI} Portable Parallel Programming 
                 with the Message-passing Interface. },
   PUBLISHER = { The {MIT} Press },
   ADDRESS   = { Cambridge, Massachusetts },
   YEAR      = { 1994 },
   ISBN      = { 0-262-57104-8 },
   ANNOTE    = {}
   }


-hh-

@TECHREPORT {hammond_barth_90,
   AUTHOR = {Hammond, S. W. and Barth, T. J.},
   TITLE = {An efficient massively parallel {Euler} solver for
	unstructured meshes.},
   INSTITUTION = {},
   YEAR = {1990},
   TYPE = {RIACS Technical Report},
   NUMBER = {90.47},
   ADDRESS = {},
   ANNOTE = {}
   }

@ARTICLE {hammond_barth_92,
   AUTHOR = {Hammond, S. W. and Barth, T. J.},
   TITLE = {Efficient massively parallel {Euler} solver for
	two-dimensional unstructured grids.},
   JOURNAL = aiaaj,
   YEAR = {1992},
   VOLUME = {30},
   NUMBER = {4},
   PAGES = {947--952},
   ANNOTE = {}
   }

@INPROCEEDINGS { hauser_etal_93,
   AUTHOR    = { Hauser, J. and Simon, H. D. and Paap, H. -G. },
   TITLE     = { Features of architecture independent {CFD} software. },
   BOOKTITLE = { Parallel Computational Fluid Dynamics '92 },
   EDITOR    = { Pelz, R. B. and Ecer, A. and Hauser, J. },
   YEAR      = { 1993 },
   MONTH     = {},
   PAGES     = { 199--213 },
   PUBLISHER = { Elsevier },
   ADDRESS   = {},
   ISBN      = {},
   ANNOTE    = {}
   }

@ARTICLE { hill_etal_98a,
   AUTHOR  = { Hill, J. M. D. and McColl, Bill and Stefanescu, D. C. and
               Goudreau, M. W. and Land, K. and Rao, S. B. and Suel, T. and
               Tsantilas, T. and Bisseling, R. H. },
   TITLE   = { {BSPlib}: {The} {BSP} programming library. },
   JOURNAL = { Parallel Computing },
   YEAR    = { 1998 },
   VOLUME  = { 24 },
   NUMBER  = { 14 },
   PAGES   = { 1947--1980 },
   ANNOTE  = {}
   }


-ii-
-jj-

@ARTICLE { johan_etal_94,
   AUTHOR  = { Johan, Z. and Mathur, K. K. and Johnsson, S. L. and
               Hughes, T. J. R. },
   TITLE   = { An efficient communications strategy for finite element
               methods on the {Connection} {Machine} {CM-5} system. },
   JOURNAL = { Computer Methods in Applied Mechanics and Engineering },
   YEAR    = { 1994 },
   VOLUME  = { 113 },
   NUMBER  = { 3--4 },
   PAGES   = { 363--387 },
   ANNOTE  = {}
   }

-kk-
-ll-
-mm-

@TECHREPORT { mcghee_99a,
   AUTHOR      = { McGhee, A. M. },
   TITLE       = { Parallel Computation of Expansion Tube Flows },
   INSTITUTION = { {The} {University} of {Queensland} },
   ADDRESS     = { Brisbane },
   YEAR        = { 1999 },
   MONTH       = { in preparation },
   TYPE        = { {PhD} {Thesis} },
   NUMBER      = {},
   ANNOTE      = {}
   }

@TECHREPORT { mcghee_99b,
   AUTHOR      = { McGhee, A. M. },
   TITLE       = { Nova - A parallel computer built from a cluster
                   of {PCs}. },
   INSTITUTION = { {The} {University} of {Queensland} },
   ADDRESS     = { Brisbane },
   YEAR        = { 1999 },
   MONTH       = { July },
   TYPE        = { {Department} of {Mechanical} {Engineering} {Report} },
   NUMBER      = { 2/99 },
   ANNOTE      = {}
   }


-nn-
-oo-

@ARTICLE {oran_etal_90,
   AUTHOR = {Oran, E. S. and Boris, J. P. and Whaley, R. O. and
	Brown, E. F.},
   TITLE = {Exploring fluid dynamics on a {Connection}
	{Machine}.},
   JOURNAL = {Supercomputing Review},
   YEAR = {1990},
   VOLUME = {May},
   NUMBER = {},
   PAGES = {},
   ANNOTE = {}
   }

-pp-

@INPROCEEDINGS { prisco_etal_93,
   AUTHOR    = { Prisco, G. and Pellicer, D. F. and Huot, J. P. and
                 Roest, M. },
   TITLE     = { Parallel {CFD} in a networked environment. },
   BOOKTITLE = { Parallel Computational Fluid Dynamics '92 },
   EDITOR    = { Pelz, R. B. and Ecer, A. and Hauser, J. },
   YEAR      = { 1993 },
   MONTH     = {},
   PAGES     = { 337--349 },
   PUBLISHER = { Elsevier },
   ADDRESS   = {},
   ISBN      = {},
   ANNOTE    = {}
   }

-qq-
-rr-
-ss-
-tt-
-uu-
-vv-

@ARTICLE { valiant_90a,
   AUTHOR  = { Valiant, L. G. },
   TITLE   = { A bridging model for parallel computation. },
   JOURNAL = { Communications of the {ACM} },
   YEAR    = { 1990 },
   VOLUME  = { 33 },
   NUMBER  = { 8 },
   PAGES   = { 103--111 },
   ANNOTE  = { original paper on BSP }
   }


-ww-
-xx-
-yy-
-zz-
