@string {arfm = "Annual Review of Fluid Mechanics"}
@string {jfm  = "Journal of Fluid Mechanics"}
@string {jcp  = "Journal of Computational Physics"}

@string {pf  = "The Physics of Fluids"}
@string {pfa = "The Physics of Fluids (A)"}
@string {pfb = "The Physics of Fluids (B)"}

@string {caf   = "Computers and Fluids"}
@string {cmame = " Computer Methods in Applied Mechanics and Engineering"}

@string {taj   = "The Aeronautical Journal"}

@string {aiaaj     = "A.I.A.A. Journal"}
@string {aiaajsr   = "A.I.A.A. Journal of Spacecraft and Rockets"}
@string {aiaajpp   = "A.I.A.A. Journal of Propulsion and Power"}
@string {aiaaja    = "A.I.A.A. Journal of Aircraft"}
@string {aiaajtpht = "A.I.A.A. Journal of Thermophysics and Heat Transfer"}

@string {ijnmf = "International Journal for Numerical Methods in Fluids"}
@string {ijnme = "International Journal for Numerical Methods in Engineering"}
@string {ijhff = "International Journal for Heat and Fluid Flow"}

@string {siamssc = "SIAM Journal on Scientific and Statistical Computing"}
@string {siamna  = "SIAM Journal on Numerical Analysis"}

@string {nasatp = "NASA Technical Paper"}
@string {nasatm = "NASA Technical Memorandum"}
@string {nasacr = "NASA Contractor Report"}

------------- 1982 ----------------------

@TECHREPORT {jacobs_82,
   AUTHOR = {Jacobs, P. A.},
   TITLE = {Nonlinear Shear Waves.},
   INSTITUTION = {University of Queensland},
   YEAR = {1982},
   TYPE = {Undergraduate Thesis},
   NUMBER = {},
   ADDRESS = {},
   ANNOTE = {* steady-state vortical waves
	* Contour-Dynamic - Spectral}
   }

-------------- 1983 --------------------


-------------- 1984 --------------------


-------------- 1985 --------------------

@ARTICLE {jacobs_pullin_85a,
   AUTHOR = {Jacobs, P. A. and Pullin, D. I.},
   TITLE = {Coalescence of stretching vortices.},
   JOURNAL = pf,
   YEAR = {1985},
   VOLUME = {28},
   NUMBER = {},
   PAGES = {1619--1625},
   ANNOTE = {}
   }

@INPROCEEDINGS {jacobs_pullin_85b,
   AUTHOR = {Jacobs, P. A. and Pullin, D. I.},
   TITLE = {Some applications of the method of contour dynamics.},
   BOOKTITLE = {Computational Techniques and Applications (CTAC-85)},
   YEAR = {1985},
   PAGES = {367--378},
   PUBLISHER = {North-Holland},
   ANNOTE = {}
   }

-------------- 1986 --------------------

@INPROCEEDINGS {jacobs_pullin_86,
   AUTHOR = {Jacobs, P. A. and Pullin, D. I.},
   TITLE = {Nonlinear dynamics of stretched shear layers.},
   BOOKTITLE = {Ninth Australasian Fluid Mechanics Conference,
	Auckland, N.Z.},
   YEAR = {1986},
   PAGES = {},
   PUBLISHER = {},
   ANNOTE = {}
   }

@ARTICLE {pullin_jacobs_86a,
   AUTHOR = {Pullin, D. I. and Jacobs, P. A.},
   TITLE = {Inviscid evolution of stretched vortex arrays.},
   JOURNAL = jfm,
   YEAR = {1986},
   VOLUME = {171},
   NUMBER = {},
   PAGES = {377--406},
   ANNOTE = {}
   }

@ARTICLE {pullin_jacobs_86b,
   AUTHOR = {Pullin, D. I. and Jacobs, P. A.},
   TITLE = {Nonlinear waves in a shear flow with a vorticity
	discontinuity.},
   JOURNAL = {Studies in Applied Mathematics},
   YEAR = {1986},
   VOLUME = {7},
   NUMBER = {},
   PAGES = {77--93},
   ANNOTE = {* undergraduate thesis and a further stability analysis}
   }

-------------- 1987 --------------------

@TECHREPORT {jacobs_87a,
   AUTHOR = {Jacobs, P. A.},
   TITLE = {Nonlinear dynamics of piecewise-constant vorticity
	distributions in an inviscid fluid.},
   INSTITUTION = {University of Queensland},
   YEAR = {1987},
   TYPE = {{Ph.D.} {Thesis}},
   NUMBER = {},
   ADDRESS = {},
   ANNOTE = {}
   }

@TECHREPORT {jacobs_87b,
   AUTHOR = {Jacobs, P. A.},
   TITLE = {Computer codes for contour dynamics.},
   INSTITUTION = {University of Queensland},
   YEAR = {1987},
   TYPE = {Department of Mechanical Engineering Report},
   NUMBER = {2/87},
   ADDRESS = {},
   ANNOTE = {}
   }

-------------- 1988 --------------------

@TECHREPORT {jacobs_88,
   AUTHOR = {Jacobs, P. A.},
   TITLE = {An interactive graphics program for computer assisted 
	calculations of isentropic flows.},
   INSTITUTION = {University of Queensland},
   YEAR = {1988},
   TYPE = {Department of Mechanical Engineering Report},
   NUMBER = {7/88},
   ADDRESS = {},
   ANNOTE = {* reference manual for the MOC program.}
   }

@TECHREPORT {jacobs_88b,
   AUTHOR = {Jacobs, P. A.},
   TITLE = {{C} routines for complex numbers.},
   INSTITUTION = {University of Queensland},
   YEAR = {1988},
   TYPE = {Department of Mechanical Engineering Report},
   NUMBER = {10/88},
   ADDRESS = {},
   ANNOTE = {* dabbling}
   }

@TECHREPORT {jacobs_lott_88,
   AUTHOR = {Jacobs, P. A. and Lott, N. J.},
   TITLE = {{NELMIN}: A robust minimizer for continuous functions.},
   INSTITUTION = {University of Queensland},
   YEAR = {1988},
   TYPE = {Department of Mechanical Engineering Report},
   NUMBER = {11/88},
   ADDRESS = {},
   ANNOTE = {* more dabbling}
   }

@TECHREPORT {morgan_etal_88a,
   AUTHOR = {Morgan, R. G. and Paull, A. and Stalker, R. J. and
	Jacobs, P. A. and Morris, N. and Stringer, I. and
	Brescianini, C.},
   TITLE = {Shock tunnel studies of scramjet phenomena.},
   INSTITUTION = {},
   YEAR = {1988},
   TYPE = nasacr,
   NUMBER = {181721},
   ADDRESS = {},
   ANNOTE = {* also NASP contractor report 1023 ??}
   }

@TECHREPORT {morgan_etal_88b,
   AUTHOR = {Morgan, R. G. and Wallace, G. A. and Stalker, R. J.
	and Gottschall, N. and Casey, R. and Jacobs, P. A. and
	Brescianini, C. and Allen, G. and He, Y. and Sanderson, S.
	and Simmons, J. M. and Kelly, G. and Krek, R. and Skinner, K.
	and Stacey, C. and Paull, A. and Neely, A.},
   TITLE = {Shock tunnel studies of scramjet phenomena.
	{Supplement} 4.},
   INSTITUTION = {The University of Queensland},
   YEAR = {1989},
   TYPE = {{Department} of {Mechanical} {Engineering} {Report}},
   NUMBER = {},
   ADDRESS = {},
   ANNOTE = {* was never converted to a NASA CR}
   }

-------------- 1989 --------------------

@TECHREPORT {jacobs_89a,
   AUTHOR = {Jacobs, P. A.},
   TITLE = {A SCRAMjet model for pressure scaling studies.},
   INSTITUTION = {University of Queensland},
   YEAR = {1989},
   TYPE = {Department of Mechanical Engineering Report},
   NUMBER = {2/89},
   ADDRESS = {},
   ANNOTE = {* drawings for the pressure scaling scramjet}
   }

@TECHREPORT {jacobs_89b,
   AUTHOR = {Jacobs, P. A.},
   TITLE = {A {Mach} 4 nozzle for hypervelocity flow.},
   INSTITUTION = {University of Queensland},
   YEAR = {1989},
   TYPE = {Department of Mechanical Engineering Report},
   NUMBER = {9/89},
   ADDRESS = {},
   ANNOTE = {}
   }

@BOOK {jacobs_lott_89,
   AUTHOR = {Jacobs, P. A. and Lott, N. J.},
   TITLE = {{CMATH} - A Mathematical Software Library for the {C}
	Programming Language.},
   PUBLISHER = {Design Software},
   ADDRESS = {},
   YEAR = {1989},
   ANNOTE = {}
   }

@ARTICLE {jacobs_pullin_89,
   AUTHOR = {Jacobs, P. A. and Pullin, D. I.},
   TITLE = {Multiple-contour-dynamic simulation of eddy scales
	in the plane mixing layer.},
   JOURNAL = jfm,
   YEAR = {1989},
   VOLUME = {199},
   NUMBER = {},
   PAGES = {89--124},
   ANNOTE = {* last paper from the thesis}
   }

@TECHREPORT {jacobs_stalker_89a,
   AUTHOR = {Jacobs, P. A. and Stalker, R. J.},
   TITLE = {Design of axisymmetric nozzles for reflected shock
	tunnels.},
   INSTITUTION = {University of Queensland},
   YEAR = {1989},
   TYPE = {Department of Mechanical Engineering Report},
   NUMBER = {1/89},
   ADDRESS = {},
   ANNOTE = {}
   }

@INPROCEEDINGS {jacobs_stalker_89b,
   AUTHOR = {Jacobs, P. A. and Stalker, R. J.},
   TITLE = {Hypervelocity flow in axisymmetric nozzles.},
   BOOKTITLE = {Tenth Australasian Fluid Mechanics Conference.},
   YEAR = {1989},
   PAGES = {15.25--15.28},
   PUBLISHER = {},
   ANNOTE = {* Melbourne University, Dec11-15, 1989}
   }

@ARTICLE {pullin_etal_89,
   AUTHOR = {Pullin, D. I. and Jacobs, P. A. and Grimshaw, R. H. J.
	and Saffman, P. G.},
   TITLE = {Instability and filamentation of finite-amplitude
	waves on vortex layers of finite thickness.},
   JOURNAL = jfm,
   YEAR = {1989},
   VOLUME = {209},
   NUMBER = {},
   PAGES = {359--384},
   ANNOTE = {* interesting array of authors}
   }

-------------- 1990 --------------------

@TECHREPORT {casey_etal_90,
   AUTHOR = {Casey, R. and Stalker, R. J. and Brescianini, C. P. and
	Morgan, R. G. and Jacobs, P. A. and Wendt, M. and Ward, N. R.
	and Akman, N. and Allen, G. A. and Skinner, K. and 
	Tuttle, S. L. and Simmons, J. M. and Kelly, G. and
	Krek, R. M. and Neely, A. and Paull, A.},
   TITLE = {Shock tunnel studies of scramjet phenomena.  
	Supplement 5.},
   INSTITUTION = {},
   YEAR = {1990},
   TYPE = nasacr,
   NUMBER = {182096},
   ADDRESS = {},
   ANNOTE = {* T4 report for the 1989 year}
   }

@TECHREPORT {jacobs_etal_90,
   AUTHOR = {Jacobs, P. A. and Morgan, R. G. and Rogers, R. C.
	and Wendt, M. and Brescianini, C. and Paull, A. and
	Kelly, G.},
   TITLE = {Preliminary calibration of a generic scramjet
	    combustor.},
   INSTITUTION = {University of Queensland},
   YEAR = {1990},
   TYPE = { {Department} of {Mechanical} {Engineering} {Report} },
   NUMBER = {},
   ADDRESS = {},
   ANNOTE = {Authors: Jacobs, Rogers, Morgan, Stalker, Wendt, Paull,
	     Kelly}
   }

@TECHREPORT {jacobs_etal_90a,
   AUTHOR = {Jacobs, P. A. and Rogers, R. C. and Weidner, E. H. and
	Bittner, R. D.},
   TITLE = {Flow establishment in a generic scramjet combustor.},
   INSTITUTION = {},
   YEAR = {1990},
   TYPE = {AIAA Paper},
   NUMBER = {90-2096},
   ADDRESS = {},
   ANNOTE = {* first stage in what is to be a continuing study}
   }

@TECHREPORT {jacobs_etal_90b,
   AUTHOR = {Jacobs, P. A. and Morgan, R. G. and Rogers, R. C.
	and Wendt, M. and Brescianini, C. and Paull, A. and
	Kelly, G.},
   TITLE = {Preliminary calibration of a generic scramjet
	    combustor.},
   INSTITUTION = {},
   YEAR = {1991},
   TYPE = { {ICASE} {Interim} {Report} },
   NUMBER = {16},
   ADDRESS = {},
   ANNOTE = {Authors: Jacobs, Rogers, Morgan, Stalker, Wendt, Paull,
	     Kelly}
   }

@TECHREPORT {jacobs_etal_90c,
   AUTHOR = {Jacobs, P. A. and Rogers, R. C. and Weidner, E. H. and
	Bittner, R. D.},
   TITLE = {Flow establishment in a generic scramjet combustor.},
   INSTITUTION = {},
   YEAR = {1990},
   TYPE = {ICASE Report},
   NUMBER = {90-77},
   ADDRESS = {},
   ANNOTE = {* a slight update of the AIAA-2096 paper
	* also has better/larger figures
	}
   }

-------------- 1991 --------------------

@TECHREPORT {jacobs_91a,
   AUTHOR = {Jacobs, P. A.},
   TITLE = {Transient, hypervelocity flow in an axisymmetric nozzle.},
   INSTITUTION = {},
   YEAR = {1991},
   TYPE = {AIAA Paper},
   NUMBER = {91-0295},
   ADDRESS = {},
   ANNOTE = {}
   }

@TECHREPORT {jacobs_91b,
   AUTHOR = {Jacobs, P. A.},
   TITLE = {Transient, hypervelocity flow in an axisymmetric nozzle.},
   INSTITUTION = {},
   YEAR = {1991},
   TYPE = {ICASE Report},
   NUMBER = {91-01},
   ADDRESS = {},
   ANNOTE = {}
   }

@TECHREPORT {jacobs_91d,
   AUTHOR = {Jacobs, P. A.},
   TITLE = {Single-block {Navier}-{Stokes} integrator.},
   INSTITUTION = {},
   YEAR = {1991},
   TYPE = {ICASE Interim Report},
   NUMBER = {18},
   ADDRESS = {},
   ANNOTE = {}
   }

@INPROCEEDINGS {jacobs_91e,
   AUTHOR = {Jacobs, P. A.},
   TITLE = {Simulation of transient flow in a shock tunnel and a
	high {Mach} number nozzle.},
   BOOKTITLE = {4th International Symposium on Computational Fluid Dynamics},
   YEAR = {1991},
   PAGES = {},
   PUBLISHER = {},
   ANNOTE = {}
   }

@TECHREPORT {jacobs_91f,
   AUTHOR = {Jacobs, P. A.},
   TITLE = {Simulation of transient flow in a shock tunnel and a
	high {Mach} number nozzle.},
   INSTITUTION = {},
   YEAR = {1991},
   TYPE = {ICASE Report},
   NUMBER = {91-60},
   ADDRESS = {},
   ANNOTE = {}
   }

@TECHREPORT {jacobs_91g,
   AUTHOR = {Jacobs, P. A.},
   TITLE = {An approximate {Riemann} solver for hypervelocity flows.},
   INSTITUTION = {},
   YEAR = {1991},
   TYPE = {ICASE Report},
   NUMBER = {91-75},
   ADDRESS = {},
   ANNOTE = {* submitted to the AIAA Journal as a technical note}
   }

-- jacobs_91h was the Riemann solver AIAA J paper --

@TECHREPORT {jacobs_91i,
   AUTHOR = {Jacobs, P. A.},
   TITLE = {Numerical simulation of transient hypervelocity flow
	in an expansion tube.},
   INSTITUTION = {},
   YEAR = {1992},
   TYPE = {ICASE Interim Report},
   NUMBER = {20},
   ADDRESS = {},
   ANNOTE = {}
   }

@ARTICLE {jacobs_gourlay_91,
   AUTHOR = {Jacobs, P. A. and Gourlay, C. M.},
   TITLE = {An interactive method-of-characteristics program
	for gas-dynamic calculations.},
   JOURNAL = {The International Journal of
	Applied Engineering Education},
   YEAR = {1991},
   VOLUME = {7},
   NUMBER = {3},
   PAGES = {242--250},
   ANNOTE = {}
   }

@TECHREPORT {jacobs_stalker_91a,
   AUTHOR = {Jacobs, P. A. and Stalker, R. J.},
   TITLE = {Mach 4 and {Mach} 8 axisymmetric nozzles for a
	high-enthalpy shock tunnel.},
   INSTITUTION = {},
   YEAR = {1991},
   TYPE = {ICASE Report},
   NUMBER = {91-24},
   ADDRESS = {},
   ANNOTE = {}
   }

@ARTICLE {jacobs_stalker_91b,
   AUTHOR = {Jacobs, P. A. and Stalker, R. J.},
   TITLE = {Mach 4 and {Mach} 8 axisymmetric nozzles for a
	high-enthalpy shock tunnel.},
   JOURNAL = taj,
   YEAR = {1991},
   VOLUME = {95},
   NUMBER = {949},
   PAGES = {324--334},
   ANNOTE = {November}
   }

-------------- 1992 --------------------

@TECHREPORT {jacobs_92b,
   AUTHOR = {Jacobs, P. A.},
   TITLE = {L1d: {A} computer code for the quasi-one-dimensional
	modelling of transient flow facilities.},
   INSTITUTION = {},
   YEAR = {1992},
   TYPE = { {WBM} {Internal} {Report} },
   NUMBER = {},
   ADDRESS = {},
   ANNOTE = {}
   }

@TECHREPORT {jacobs_92c,
   AUTHOR = {Jacobs, P. A.},
   TITLE = {Numerical simulation of transient hypervelocity flow
	in an expansion tube.},
   INSTITUTION = {},
   YEAR = {1992},
   TYPE = {ICASE Report},
   NUMBER = {92-10},
   ADDRESS = {},
   ANNOTE = {* revised (but separate) version of interim report 20}
   }

@ARTICLE {jacobs_92d,
   AUTHOR = {Jacobs, P. A.},
   TITLE = {An approximate {Riemann} solver for hypervelocity flows.},
   JOURNAL = aiaaj,
   YEAR = {1992},
   VOLUME = {30},
   NUMBER = {10},
   PAGES = {2558--2561},
   ANNOTE = {}
   }

@ARTICLE {jacobs_etal_92a,
   AUTHOR = {Jacobs, P. A. and Rogers, R. C. and Weidner, E. H. and
	Bittner, R. D.},
   TITLE = {Flow establishment in a generic scramjet combustor.},
   JOURNAL = aiaajpp,
   YEAR = {1992},
   VOLUME = {8},
   NUMBER = {4},
   PAGES = {890--899},
   ANNOTE = {A rewrite of AIAA-90-2096 and ICASE Rep 90-77}
   }

-------------- 1993 --------------------

@TECHREPORT {jacobs_93a,
   AUTHOR = {Jacobs, P. A.},
   TITLE = {Quasi-one-dimensional modelling of free-piston
	shock tunnels.},
   INSTITUTION = {},
   YEAR = {1993},
   TYPE = {AIAA Paper},
   NUMBER = {93-0352},
   ADDRESS = {},
   ANNOTE = { Presented at the Aerospace Sciences Meeting
	      Reno, Nevada, Jan 1993 by Hans Hornung.
  	     }
   }

@INPROCEEDINGS {jacobs_93e,
   AUTHOR = {Jacobs, P. A.},
   TITLE = { Simulation of transient flows in a shock tunnel. },
   BOOKTITLE = {Computational Techniques and Applications Conference '93,
                Canberra, Australia. },
   YEAR = {1993},
   PAGES = { 311--319 },
   PUBLISHER = { World Scientific },
   ANNOTE = {}
   }


@INPROCEEDINGS {jacobs_etal_93b,
   AUTHOR = { Jacobs, P. A. and Morgan, R. G. and Stalker, R. J. and
          Mee, D. J. },
   TITLE = { Use of Argon-Helium Driver-Gas Mixtures in the
         {T4} Shock Tunnel. },
   BOOKTITLE = {19th International Symposium on	Shock Waves,
                Marseille, France.},
   YEAR = {1993},
   PAGES = {},
   PUBLISHER = { Springer-Verlag },
   ANNOTE = {}
   }

@TECHREPORT { krek_jacobs_93,
   AUTHOR      = { Krek, R. M. and Jacobs, P. A. },
   TITLE       = { {STN}, Shock tube and nozzle calculations for
                   equilibrium air.},
   INSTITUTION = { The University of Queensland },
   YEAR        = { 1993 },
   MONTH       = { February },
   TYPE        = { Department of Mechanical Engineering Report },
   NUMBER      = { 2/93 },
   ADDRESS     = { },
   ANNOTE      = { }
   }

@TECHREPORT { wbm_93,
   AUTHOR      = { WBM-Stalker Pty Ltd },
   TITLE       = { {Scramjet} {Collaborative} {Research} {Grant},
                   {December} 1992 to {January} 1993: {Model} {Testing}. },
   INSTITUTION = {},
   YEAR        = { 1993 },
   TYPE        = { Internal Report },
   NUMBER      = { 7566-1 },
   ADDRESS     = {},
   ANNOTE      = {}
   }

------------------ 1994 ------------------------

@ARTICLE { jacobs_94a,
   AUTHOR  = { Jacobs, P. A. },
   TITLE   = { Quasi-one-dimensional modelling of a free-piston
	       shock tunnel.},
   JOURNAL = aiaaj,
   YEAR    = { 1994 },
   VOLUME  = { 32 },
   NUMBER  = { 1 },
   PAGES   = { 137--145 },
   ANNOTE  = {* this is a revised version of AIAA-93-0352}
   }

@ARTICLE { jacobs_94b,
   AUTHOR  = { Jacobs, P. A. },
   TITLE   = { Numerical simulation of transient hypervelocity flow
               in an expansion tube. },
   JOURNAL = caf,
   YEAR    = { 1994 },
   VOLUME  = { 23 },
   NUMBER  = { 1 },
   PAGES   = { 77--101 },
   ANNOTE  = {}
   }


@TECHREPORT { wendt_etal_94a,
   AUTHOR      = { Wendt, M. N. and Jacobs, P. A. and Stacey, C. and
                   Stalker, R. J. },
   TITLE       = { Initial Composite Engine {(I.C.E.)} Testing. },
   INSTITUTION = { The University of Queensland },
   ADDRESS     = { Brisbane, Australia },
   YEAR        = { 1994 },
   MONTH       = { May },
   TYPE        = { Department of Mechanical Engineering Report },
   NUMBER      = { 6/94 },
   ANNOTE      = {}
   }

------------------ 1995 --------------------------

@INPROCEEDINGS { wendt_etal_95a,
   AUTHOR    = { Wendt, M. N. and Stalker, R. J. and Jacobs, P. A. },
   TITLE     = { Effect of fuel temperature on supersonic combustion. },
   BOOKTITLE = { Sixth International Aerospace Planes and Hypersonics
		 Technologies Conference },
   EDITOR    = {},
   YEAR      = { 1995 },
   MONTH     = { April },
   PAGES     = {},
   PUBLISHER = { American Institute for Astronautics and Aeronautics },
   ADDRESS   = { Washington, DC },
   ISBN      = {},
   ANNOTE    = { AIAA Paper 95-6029 }
   }

@TECHREPORT { jacobs_95a,
   AUTHOR      = { Jacobs, P. A. },
   TITLE       = { A space-marching {Euler} solver for supersonic flow in a
                   three-dimensional geometry.},
   INSTITUTION = { The University of Queensland },
   YEAR        = { 1995 },
   MONTH       = { January },
   TYPE        = { Department of Mechanical Engineering Report },
   NUMBER      = { 2/95 },
   ADDRESS     = { Brisbane, Australia },
   ANNOTE      = { About time! }
   }


@INPROCEEDINGS { kendall_etal_95a,
   AUTHOR    = { Kendall, M. A. and Morgan, R. G. and Jacobs, P. A. },
   TITLE     = { A compact entropy-raising driver for impulse facilities. },
   BOOKTITLE = { 20th International Symposium on Shock Waves },
   EDITOR    = {},
   YEAR      = { 1995 },
   MONTH     = { July },
   PAGES     = {},
   PUBLISHER = { California Institute of Technology },
   ADDRESS   = { Pasadena },
   ISBN      = {},
   ANNOTE    = {}
   }


@INPROCEEDINGS { petrie_jacobs_95a,
   AUTHOR    = { Petrie, P. J. and Jacobs, P. A. },
   TITLE     = { Numerical simulation of diaphragm rupture. },
   BOOKTITLE = { 20th International Symposium on Shock Waves },
   EDITOR    = {},
   YEAR      = { 1995 },
   MONTH     = { July },
   PAGES     = {},
   PUBLISHER = { California Institute of Technology },
   ADDRESS   = { Pasadena },
   ISBN      = {},
   ANNOTE    = {}
   }


@INPROCEEDINGS { jacobs_craddock_95a,
   AUTHOR    = { Jacobs, P. A. and Craddock, C. S. },
   TITLE     = { Simulation and optimisation of three-dimensional flows 
                 in scramjet ducts. },
   BOOKTITLE = { Twelfth International Symposium on Air Breathing Engines. },
   EDITOR    = {},
   YEAR      = { 1995 },
   MONTH     = { September },
   PAGES     = {},
   PUBLISHER = { A. I. A. A. },
   ADDRESS   = { Washington, DC. },
   ISBN      = {},
   ANNOTE    = { Didn't get the paper into the bound proceedings
                 Loose copies distributed instead.
               }
   }


@TECHREPORT { jacobs_mee_95a,
   AUTHOR      = { Jacobs, P. A. and Mee, D. J. },
   TITLE       = { Investigation of high quality nozzle design for
                   shock tunnels. },
   INSTITUTION = { The University of Queensland },
   ADDRESS     = {},
   YEAR        = { 1995 },
   MONTH       = { February },
   TYPE        = { {A.R.C.} {Large} {Grant} {Submission} },
   NUMBER      = {},
   ANNOTE      = {}
   }


@INPROCEEDINGS { johnston_jacobs_95a,
   AUTHOR    = { Johnston, I. A. and Jacobs, P. A. },
   TITLE     = { Hypersonic blunt body flows in reacting carbon dioxide. },
   BOOKTITLE = { Twelfth Australasian Fluid Mechanics Conference },
   EDITOR    = { R. W. Bilger },
   YEAR      = { 1995 },
   MONTH     = { December },
   PAGES     = { 807--810 },
   PUBLISHER = { The University of Sydney },
   ADDRESS   = { Sydney },
   ISBN      = { 0-86934-034-4 },
   ANNOTE    = {}
   }

-------------------- 1996 -------------------------

@ARTICLE { doolan_jacobs_96a,
   AUTHOR  = { Doolan, C. J. and Jacobs, P. A. },
   TITLE   = { Modeling mass entrainment in a quasi-one-dimensional 
               shock tube code. },
   JOURNAL = aiaaj,
   YEAR    = { 1996 },
   VOLUME  = { 34 },
   NUMBER  = { 8 },
   PAGES   = { 1291--1293 },
   ANNOTE  = {}
   }


@TECHREPORT { jacobs_craddock_96a,
   AUTHOR    = { Jacobs, P. A. and Craddock, C. S. },
   TITLE     = { Simulation and optimisation of three-dimensional flows 
                 in scramjet ducts. },
   INSTITUTION = { The University of Queensland },
   ADDRESS     = { Brisbane },
   YEAR        = { 1996 },
   MONTH       = { March },
   TYPE        = { {Department} of {Mechanical} {Engineering} {Report} },
   NUMBER      = { 8/96 },
   ANNOTE      = { also submitted to aiaa jpp }
   }


@TECHREPORT { wendt_jacobs_96a,
   AUTHOR      = { Wendt, M. N. and Jacobs, P. A. },
   TITLE       = { Modular Composite Scramjet Motor {(C.S.M)} Testing. },
   INSTITUTION = { The University of Queensland },
   ADDRESS     = { Brisbane, Australia },
   YEAR        = { 1996 },
   MONTH       = { February },
   TYPE        = { {Department} of {Mechanical} {Engineering} {Report} },
   NUMBER      = { 2/96 },
   ANNOTE      = { }
   }


@INPROCEEDINGS { wendt_etal_96d,
   AUTHOR    = { Wendt, M. N. and Jacobs, P. A. and Stalker, R. J. },
   TITLE     = { Pressure generating effects in supersonic combustors. },
   BOOKTITLE = { Sixth Ram/Scramjet Symposium, Sendai, Japan. },
   EDITOR    = {},
   YEAR      = { 1996 },
   MONTH     = { February },
   PAGES     = { Paper IB-5 },
   PUBLISHER = {},
   ADDRESS   = {},
   ISBN      = {},
   ANNOTE    = {}
   }


@INPROCEEDINGS { wendt_etal_96e,
   AUTHOR    = { Wendt, M. N. and Jacobs, P. A. and Stalker, R. J. },
   TITLE     = { Design and testing of a modular scramjet vehicle. },
   BOOKTITLE = { 20th International Symposium on Space Technology
                 and Science, Gifu, Japan. },
   EDITOR    = {},
   YEAR      = { 1996 },
   MONTH     = { May },
   PAGES     = { Paper 96-a-2-12 },
   PUBLISHER = {},
   ADDRESS   = {},
   ISBN      = {},
   ANNOTE    = {}
   }


@TECHREPORT { austin_jacobs_96a,
   AUTHOR      = { Austin, K. J. and Jacobs, P. A. },
   TITLE       = { A {Newtonian} Solver for Hypersonic Flows. },
   INSTITUTION = { The University of Queensland },
   ADDRESS     = { Brisbane },
   YEAR        = { 1996 },
   MONTH       = { February },
   TYPE        = { {Department} {of} {Mechanical} {Engineering} {Report} },
   NUMBER      = { 5/96 },
   ANNOTE      = {}
   }


@TECHREPORT { kendall_etal_96a,
   AUTHOR      = { Kendall, M. A. and Morgan, R. G. and Jacobs, P. A. },
   TITLE       = { A compact, shock-assisted free-piston driver for impulse facilities. },
   INSTITUTION = { The University of Queensland },
   ADDRESS     = { Brisbane },
   YEAR        = { 1996 },
   MONTH       = { April },
   TYPE        = { {Department} of {Mechanical} {Engineering} {Report} },
   NUMBER      = { 9/96 },
   ANNOTE      = {}
   }


@TECHREPORT { jacobs_mee_96a,
   AUTHOR      = { Jacobs, P. A. and Mee, D. J. },
   TITLE       = { {E4350/E4351} Lecture Notes from 1995. },
   INSTITUTION = { The University of Queensland },
   ADDRESS     = { Brisbane },
   YEAR        = { 1996 },
   MONTH       = { January },
   TYPE        = { {Department} of {Mechanical} {Engineering} {Report} },
   NUMBER      = { 3/96 },
   ANNOTE      = {}
   }


@TECHREPORT { jacobs_macrossan_96a,
   AUTHOR      = { Jacobs, P. A. and Macrossan, M. N. },
   TITLE       = { {E4371} Lecture Notes from 1995. },
   INSTITUTION = { The University of Queensland },
   ADDRESS     = { Brisbane },
   YEAR        = { 1996 },
   MONTH       = { February },
   TYPE        = { {Department} of {Mechanical} {Engineering} {Report} },
   NUMBER      = { 4/96 },
   ANNOTE      = {}
   }


@TECHREPORT { johnston_jacobs_96a,
   AUTHOR      = { Johnston, I. A. and Jacobs, P. A. },
   TITLE       = { {SF2D}: a shock fitting and capturing solver for 
                   two-dimensional compressible flows. },
   INSTITUTION = { The University of Queensland },
   ADDRESS     = { Brisbane },
   YEAR        = { 1996 },
   MONTH       = { July },
   TYPE        = { {Department} of {Mechanical} {Engineering} {Report} },
   NUMBER      = { 6/96 },
   ANNOTE      = {}
   }


@INPROCEEDINGS { mcghee_jacobs_96a,
   AUTHOR    = { McGhee, A. M. and Jacobs, P. A. },
   TITLE     = { Parallel computation of hypervelocity flow. },
   BOOKTITLE = { Computational Techniques and Applications: CTAC95 },
   EDITOR    = { May, R. L. and Easton, A. K. },
   YEAR      = { 1996 },
   MONTH     = {},
   PAGES     = { 549--556 },
   PUBLISHER = { World Scientific },
   ADDRESS   = {},
   ISBN      = {},
   ANNOTE    = {}
   }


@TECHREPORT { jacobs_etal_96a,
   AUTHOR      = { Jacobs, P. A. and Macrossan, M. N. and Stalker, R. J. },
   TITLE       = { ARC Collaborative Research Grant, Final Report:
                   Effects of Scale on Scramjet Vehicles. },
   INSTITUTION = { The University of Queensland },
   ADDRESS     = { Brisbane },
   YEAR        = { 1996 },
   MONTH       = { September },
   TYPE        = { {Department} of {Mechanical} {Engineering} {Report} },
   NUMBER      = { 13/96 },
   ANNOTE      = {}
   }


@TECHREPORT { jacobs_96a,
   AUTHOR      = { Jacobs, P. A. },
   TITLE       = { {MB\_CNS}: A computer program for the simulation of
                   transient compressible flows. },
   INSTITUTION = { The University of Queensland },
   ADDRESS     = { Brisbane },
   YEAR        = { 1996 },
   MONTH       = { December },
   TYPE        = { {Department} of {Mechanical} {Engineering} {Report} },
   NUMBER      = { 10/96 },
   ANNOTE      = {}
   }


@INPROCEEDINGS { barker_etal_96z,
   AUTHOR    = { Barker, P. and Bishop, A. and Littleton, B. and 
                 Jacobs, P. A. and Rubinsztein-Dunlop, H. },
   TITLE     = { Flow tagging {LEI} velocimetry of supersonic flow. },
   BOOKTITLE = { First Australian Conference on Laser Diagnostics in
                 Fluid Mechanics and Combustion },
   EDITOR    = {},
   YEAR      = { 1996 },
   MONTH     = { December },
   PAGES     = { 192--197 },
   PUBLISHER = {},
   ADDRESS   = {},
   ISBN      = {},
   ANNOTE    = {}
   }

-------------------- 1997 -------------------------


@ARTICLE { kendall_etal_97a,
   AUTHOR  = { Kendall, M. A. and Morgan, R. G. and Jacobs, P. A. },
   TITLE   = { A compact, shock-assisted free-piston driver for 
               impulse facilities. },
   JOURNAL = { Shock Waves },
   YEAR    = { 1997 },
   VOLUME  = { 7 },
   NUMBER  = { 4 },
   PAGES   = { 219--230 },
   ANNOTE  = {}
   }


@ARTICLE { wendt_etal_97a,
   AUTHOR  = { Wendt, M. N. and Stalker, R. J. and Jacobs, P. A. },
   TITLE   = { Fuel stagnation temperature effects on mixing 
               with supersonic combustion flows. },
   JOURNAL = aiaajpp,
   YEAR    = { 1997 },
   VOLUME  = { 13 },
   NUMBER  = { 2 },
   PAGES   = { 274--280 },
   ANNOTE  = { was wendt_etal_96c }
   }


@ARTICLE { hope_etal_97a,
   AUTHOR  = { Hope, R. L. and Jacobs, P. A. and Roth, R. N. },
   TITLE   = { Rapid prototyping with sloping surfaces. },
   JOURNAL = { The Rapid Prototyping Journal },
   YEAR    = { 1997 },
   VOLUME  = { 3 },
   NUMBER  = { 1 },
   PAGES   = { 12--19 },
   ANNOTE  = {}
   }


@ARTICLE { hope_etal_97b,
   AUTHOR  = { Hope, R. L. and Roth, R. N. and Jacobs, P. A. },
   TITLE   = { Adaptive slicing with sloping layer surfaces. },
   JOURNAL = { The Rapid Prototyping Journal },
   YEAR    = { 1997 },
   VOLUME  = { 3 },
   NUMBER  = { 3 },
   PAGES   = { 89--98 },
   ANNOTE  = {}
   }


@INPROCEEDINGS { johnston_etal_97a,
   AUTHOR    = { Johnston, I. A. and Tuttle, S. L. and Jacobs, P. A. and
                 Shimoda, T. },
   TITLE     = { The numerical and experimental simulation of flow 
                 around the {HYFLEX} vehicle forebody. },
   BOOKTITLE = { 21st International Symposium on Shock Waves },
   EDITOR    = { A. Paull et al. },
   YEAR      = { 1997 },
   MONTH     = { July },
   SERIES    = { Paper 6980 },
   PUBLISHER = { World Scientific },
   ADDRESS   = { Singapore },
   ISBN      = {},
   ANNOTE    = {}
   }


@INPROCEEDINGS { hannemann_etal_97a,
   AUTHOR    = { Hannemann, K. and Jacobs, P. A. and
                 Austin, J. M. and Thomas, A. and McIntyre, T. J. },
   TITLE     = { Transient and steady-state flow in a small shock tube. },
   BOOKTITLE = { 21st International Symposium on Shock Waves },
   EDITOR    = { A. Paull et al. },
   YEAR      = { 1997 },
   MONTH     = { July },
   SERIES    = { Paper 2630 },
   PUBLISHER = { World Scientific },
   ADDRESS   = { Singapore },
   ISBN      = {},
   ANNOTE    = {}
   }


@TECHREPORT { austin_etal_97a,
   AUTHOR      = { Austin, J. M. and Jacobs, P. A. and Kong, M. C. and
                   Barker, P. and Gammie, R. and Littleton, B. N. },
   TITLE       = { The {Small} {Shock} {Tunnel} {Facility} at {UQ}. },
   INSTITUTION = { The University of Queensland },
   ADDRESS     = { Brisbane, Australia. },
   YEAR        = { 1997 },
   MONTH       = { July },
   TYPE        = { {Department} of {Mechanical} {Engineering} {Report} },
   NUMBER      = { 2/97 },
   ANNOTE      = { * SST with Mach 4 nozzle }
   }


@TECHREPORT { austin_etal_97b,
   AUTHOR      = { Austin, J. M. and White, S. and Jacobs, P. A.},
   TITLE       = { Pitot pressure survey of a {Mach} 7 conical nozzle
                   in the {Small} {Shock} {Tunnel} facility. },
   INSTITUTION = { The University of Queensland },
   ADDRESS     = { Brisbane, Australia. },
   YEAR        = { 1997 },
   MONTH       = { July },
   TYPE        = { {Department} of {Mechanical} {Engineering} {Report} },
   NUMBER      = { 4/97 },
   ANNOTE      = {}
   }



------------------ 1998 -------------------------


@ARTICLE { petrie_jacobs_98a,
   AUTHOR  = { Petrie-Repar, P. J. and Jacobs, P. A. },
   TITLE   = { A computational study of shock speeds in 
               high performance shock tubes. },
   JOURNAL = { Shock Waves },
   YEAR    = { 1998 },
   VOLUME  = { 8 },
   NUMBER  = { 2 },
   PAGES   = { 79-91 },
   ANNOTE  = { * Submitted November 1996 }
   }


@INPROCEEDINGS { johnston_etal_98a,
   AUTHOR    = { Johnston, I. A. and Jacobs, P. A. and Shimoda, T. },
   TITLE     = { A study of flush air data system calibration using
                 numerical simulation. },
   BOOKTITLE = { 8th International Space Planes and Hypersonic Systems 
                 and Technologies Conference },
   EDITOR    = {},
   YEAR      = { 1998 },
   MONTH     = { April },
   SERIES    = { AIAA-Paper-98-1606 },
   PUBLISHER = { A.I.A.A. },
   ADDRESS   = {},
   ISBN      = {},
   ANNOTE    = {}
   }


@ARTICLE { johnston_etal_98b,
   AUTHOR  = { Johnston, I. A. and Jacobs, P. A. and Shimoda, T. },
   TITLE   = { A study of flush air data system calibration using
                 numerical simulation. },
   JOURNAL = aiaajsr,
   YEAR    = { 1998 },
   VOLUME  = { 35 },
   NUMBER  = { 6 },
   PAGES   = {812--820 },
   ANNOTE  = {}
   }


@TECHREPORT { craddock_jacobs_98a,
   AUTHOR      = { Craddock, C. S. and Jacobs, P. A.},
   TITLE       = { A space-marching compressible flow solver with 
                   chemistry and optimisation {SM\_3D$^{PLUS}$}. },
   INSTITUTION = { The University of Queensland },
   ADDRESS     = { Brisbane, Australia. },
   YEAR        = { 1998 },
   MONTH       = { January },
   TYPE        = { {Department} of {Mechanical} {Engineering} {Report} },
   NUMBER      = { 6/98 },
   ANNOTE      = {}
   }


@TECHREPORT { jacobs_98a,
   AUTHOR      = { Jacobs, P. A. },
   TITLE       = { {MB\_CNS}: A computer program for the simulation of
                   transient compressible flows; {1998 Update}. },
   INSTITUTION = { The University of Queensland },
   ADDRESS     = { Brisbane },
   YEAR        = { 1998 },
   MONTH       = { June },
   TYPE        = { {Department} of {Mechanical} {Engineering} {Report} },
   NUMBER      = { 7/98 },
   NOTE        = {http://www.mech.uq.edu.au/cfcfd/},
   ANNOTE      = {}
   }


@TECHREPORT { craddock_etal_98a,
   AUTHOR      = { Craddock, C. S. and Jacobs, P. A. and Gammie, R. },
   TITLE       = { Operational instructions for the small shock tunnel
                   at UQ. },
   INSTITUTION = { The University of Queensland },
   ADDRESS     = { Brisbane, Australia. },
   YEAR        = { 1998 },
   MONTH       = { July },
   TYPE        = { {Department} of {Mechanical} {Engineering} {Report} },
   NUMBER      = { 8/98 },
   ANNOTE      = {}
   }


@INPROCEEDINGS { buttsworth_jacobs_98a,
   AUTHOR    = { Buttsworth, D. R. and Jacobs, P. A. },
   TITLE     = { Total temperature measurements in 
      a shock tunnel facility.},
   BOOKTITLE = { 13th Australasian Fluid Mechanics Conference },
   EDITOR    = { Thompson, M. C. and Hourigan, K. },
   YEAR      = { 1998 },
   MONTH     = { December },
   PAGES     = { 51--54 },
   PUBLISHER = {},
   ADDRESS   = { Melbourne },
   ISBN      = {},
   ANNOTE    = {}
   }


@INPROCEEDINGS { wendt_etal_98c,
   AUTHOR    = { Wendt, M. and Macrossan, M. and Jacobs, P. 
                 and Mee, D. },
   TITLE     = { Pilot study for a rarefied hypervelocity 
                 test facility.},
   BOOKTITLE = { 13th Australasian Fluid Mechanics Conference },
   EDITOR    = { Thompson, M. C. and Hourigan, K. },
   YEAR      = { 1998 },
   MONTH     = { December },
   PAGES     = { 59--62 },
   PUBLISHER = {},
   ADDRESS   = { Melbourne },
   ISBN      = {},
   ANNOTE    = {}
   }


@TECHREPORT { jacobs_98b,
   AUTHOR      = { Jacobs, P. A. },
   TITLE       = { {E4271} lecture notes from 1998. },
   INSTITUTION = { The University of Queensland },
   ADDRESS     = { Brisbane, Australia. },
   YEAR        = { 1998 },
   MONTH       = { September },
   TYPE        = { {Department} of {Mechanical} {Engineering} {Report} },
   NUMBER      = { 12/98 },
   ANNOTE      = {}
   }


@TECHREPORT { jacobs_98c,
   AUTHOR      = { Jacobs, P. A. },
   TITLE       = { Shock tube modelling with {L1d}. },
   INSTITUTION = { The University of Queensland },
   ADDRESS     = { Brisbane, Australia. },
   YEAR        = { 1998 },
   MONTH       = { November },
   TYPE        = { {Department} of {Mechanical} {Engineering} {Report} },
   NUMBER      = { 13/98 },
   ANNOTE      = {}
   }

-------------------- 1999 ------------------------

@TECHREPORT { jacobs_99a,
   AUTHOR      = { Jacobs, P. A. },
   TITLE       = { L1d: a computer program for the simulation of
                   transient-flow facilities. },
   INSTITUTION = { The University of Queensland },
   ADDRESS     = { Brisbane, Australia. },
   YEAR        = { 1999 },
   MONTH       = { January },
   TYPE        = { {Department} of {Mechanical} {Engineering} {Report} },
   NUMBER      = { 1/99 },
   NOTE        = { http://www.mech.uq.edu.au/cfcfd/ },
   ANNOTE      = {}
   }

@ARTICLE { jacobs_craddock_99a,
   AUTHOR  = { Jacobs, P. A. and Craddock, C. S. },
   TITLE   = { Simulation and optimization of heated, inviscid flows 
                 in scramjet ducts. },
   JOURNAL = aiaajpp,
   YEAR    = { 1999 },
   MONTH   = { Jan-Feb },
   VOLUME  = { 15 },
   NUMBER  = { 1 },
   PAGES   = { 73--81 },
   ANNOTE  = { * submitted March 1996, 
               * was indexed as jacobs_craddock_97a }
   }

@ARTICLE { wendt_etal_99a,
   AUTHOR  = { Wendt, M. N. and Jacobs, P. A. and Stalker, R. J. },
   TITLE   = { Displacement effects and scaling of ducted supersonic flames. },
   JOURNAL = { Combustion and Flame },
   YEAR    = { 1999 },
   VOLUME  = { 116 },
   NUMBER  = {},
   PAGES   = { 593--604 },
   ANNOTE  = { was wendt_etal_96b, 98a }
   }

@ARTICLE {johnston_etal_99a,
   AUTHOR  = { Johnston, I. A. and Tuttle, S. L. and Jacobs, P. A. and
               Shimoda, T. },
   TITLE   = { The numerical and experimental simulation of hypervelocity 
               flow around the {HYFLEX} vehicle forebody. },
   JOURNAL = { Shock Waves },
   YEAR    = { 1999 },
   VOLUME  = { 9 },
   NUMBER  = { 1 },
   PAGES   = { 57--67 },
   ANNOTE  = { was johnston_etal_98c
               continuation of johnston_etal_97a }
   }

@INPROCEEDINGS { mcintyre_etal_99a,
   AUTHOR    = { McIntyre, T. J. and Jacobs, P. A. and Bishop, A. I. and
                 Boyce, R. R. },
   TITLE     = { Experimental and numerical studies of super-orbital 
                 ionising flows. },
   BOOKTITLE = { 22nd International Symposium on Shock Waves },
   EDITOR    = {},
   YEAR      = { 1999 },
   MONTH     = { July },
   SERIES    = { Paper 1350 },
   PUBLISHER = { Imperial College },
   ADDRESS   = { London, UK },
   ISBN      = {},
   ANNOTE    = {}
   }

@INPROCEEDINGS { faddy_jacobs_99a,
   AUTHOR    = { Faddy, J. M. and Jacobs, P. A. },
   TITLE     = { One-dimensional modelling of diaphragm rupture 
                 within shock tubes. },
   BOOKTITLE = { Proceedings of the Third International Workshop on 
                 Shock Wave - Vortex Interaction },
   EDITOR    = { Higashino, F. and Takayama, K. and Timofeev, E. V. },
   YEAR      = { 1999 },
   MONTH     = { September },
   PAGES     = { 15--24 },
   PUBLISHER = { Shock Wave Research Center, Institute of Fluid Science, 
                 Tohoku University },
   ADDRESS   = { Sendai, Japan },
   ISBN      = {},
   ANNOTE    = { workshop on 12-14 September }
   }

@INPROCEEDINGS { mcghee_etal_99a,
   AUTHOR    = { McGhee, A. M. and Goozee, R. J. and Jacobs, P. A. },
   TITLE     = { Implementation of a workstation cluster for compressible
                 flow simulation. },
   BOOKTITLE = { IEEE International Workshop on Cluster Computing },
   EDITOR    = {},
   YEAR      = { 1999 },
   MONTH     = { December },
   PAGES     = {},
   PUBLISHER = {},
   ADDRESS   = { Melbourne },
   ISBN      = {},
   ANNOTE    = { Also available as Report 99/3 from Dept Mech Eng }
   }

@TECHREPORT { jacobs_99b,
   AUTHOR      = { Jacobs, P. A. },
   TITLE       = { Lecture notes for the dynamics component of
                   {9E101 (Applied Mechanics)}. },
   INSTITUTION = { The University of Queensland },
   ADDRESS     = { Brisbane, Australia. },
   YEAR        = { 1999 },
   MONTH       = { December },
   TYPE        = { {Department} of {Mechanical} {Engineering} {Report} },
   NUMBER      = { 4/99 },
   ANNOTE      = {}
   }

-------------------- 2000 ------------------------

@TECHREPORT { jacobs_2000a,
   AUTHOR      = { Jacobs, P. A. },
   TITLE       = { {IMOC}: interactive method-of-characteristics
                   for two-dimensional supersonic flow. },
   INSTITUTION = { The University of Queensland },
   ADDRESS     = { Brisbane, Australia. },
   YEAR        = { 2000 },
   MONTH       = { February },
   TYPE        = { {Department} of {Mechanical} {Engineering} {Report} },
   NUMBER      = { 2000/03 },
   ANNOTE      = {}
   }

@INPROCEEDINGS { stewart_etal_2000a,
   AUTHOR    = { Stewart, B. and Morgan, R. G. and Jacobs, P. A. 
                 and Jenkins, D. M. },
   TITLE     = { The {RHYFL} facility as a high performance expansion tube
                 for scramjet testing. },
   BOOKTITLE = { 21st AIAA Aerodynamic Measurement Technology and 
                 Ground Testing Conference},
   EDITOR    = {},
   YEAR      = { 2000 },
   MONTH     = { June },
   SERIES    = { AIAA-Paper-2000-2595 },
   PUBLISHER = {},
   ADDRESS   = {},
   ISBN      = {},
   ANNOTE    = {}
   }

@INPROCEEDINGS { buttsworth_jacobs_2000a,
   AUTHOR    = { Buttsworth, D. R. and Jacobs, P. A. },
   TITLE     = { Measurement of fluctuations in a {Mach} 4 
                 shock tunnel nozzle flow. },
   BOOKTITLE = { Heat and Mass Transfer Australasia 2000:
                 Proceedings of the Seventh Australasian Heat and Mass Transfer Conference },
   EDITOR    = { Brassington, G. B. and Patterson, J. C. },
   YEAR      = { 2000 },
   MONTH     = { July },
   PAGES     = { 53--59 },
   PUBLISHER = { Chalkface Press },
   ADDRESS   = { Western Australia },
   ISBN      = {},
   ANNOTE    = {}
   }

@TECHREPORT { goozee_jacobs_2000a,
   AUTHOR      = { Goozee, R. J. and Jacobs, P. A. },
   TITLE       = { Parallel Computing for Compressible Flow {CFD} 1.
                   Survey of Hardware and Software. },
   INSTITUTION = { The University of Queensland },
   ADDRESS     = { Brisbane, Australia. },
   YEAR        = { 2000 },
   MONTH       = { December },
   TYPE        = { {Department} of {Mechanical} {Engineering} {Report} },
   NUMBER      = { 2000/07 },
   ANNOTE      = {}
   }

@TECHREPORT { goozee_jacobs_2000b,
   AUTHOR      = { Goozee, R. J. and Jacobs, P. A. },
   TITLE       = { Parallel Computing for Compressible Flow {CFD} 2.
                   Comparison of {MPI}, {BSP} and {OpenMP}. },
   INSTITUTION = { The University of Queensland },
   ADDRESS     = { Brisbane, Australia. },
   YEAR        = { 2000 },
   MONTH       = { December },
   TYPE        = { {Department} of {Mechanical} {Engineering} {Report} },
   NUMBER      = { 2000/08 },
   ANNOTE      = {}
   }

-------------------- 2001 ------------------------

@ARTICLE { stewart_etal_2001a,
   AUTHOR  = { Stewart, B. S. and Morgan, R. G. and Jacobs, P. A. },
   TITLE   = { RocketDyne Hypersonic Flow Laboratory as
               High Performance Expansion Tube for Scramjet Testing. },
   JOURNAL = aiaajpp,
   YEAR    = { 2003 },
   VOLUME  = { 19 },
   NUMBER  = { 1 },
   PAGES   = { 98--103 },
   ANNOTE  = { identical entry to stewart_etal_2003a }
   }

@ARTICLE { craddock_jacobs_2001a,
   AUTHOR      = { Craddock, C. S. and Jacobs, P. A. },
   TITLE       = { Parabolized {Navier}-{Stokes} Solver for Nonequilibrium
                   Chemically Reacting Hypersonic Flows. },
   JOURNAL = {Advances in Engineering Software},
   YEAR    = { 2003 },
   MONTH   = { },
   VOLUME  = { submitted June 2002, being revised },
   NUMBER  = {},
   PAGES   = {},
   ANNOTE  = {}
   }

@ARTICLE { buttsworth_etal_2001a,
   AUTHOR  = { Buttsworth, D. R. and Jacobs, P. A. and Jones, T. V. },
   TITLE   = { Simulation of {Oxford} {University} {Gun} {Tunnel} performance
               using a quasi-one-dimensional model. },
   JOURNAL = { Shock Waves },
   YEAR    = { 2002 },
   VOLUME  = { 11 },
   NUMBER  = {},
   PAGES   = { 377--383 },
   ANNOTE  = { duplicate of buttsworth_etal_2002a }
   }

@INPROCEEDINGS { austin_jacobs_2001a,
   AUTHOR    = { Austin, K. J. and Jacobs, P. A. },
   TITLE     = { Application of Genetic Algorithms to Hypersonic Flight Control. },
   BOOKTITLE = { Proceedings of the IFSA/NAFIPS Conference },
   EDITOR    = {},
   YEAR      = { 2001 },
   MONTH     = { July },
   PAGES     = {},
   PUBLISHER = {},
   ADDRESS   = {},
   ISBN      = {},
   ANNOTE    = {}
   }

@INPROCEEDINGS { stewart_etal_2001b,
   AUTHOR    = { Stewart, B. S. and Jacobs, P. A. and Morgan, R. G. },
   TITLE     = { The starting process of an expansion tube nozzle. },
   BOOKTITLE = { 23rd International Symposium on Shock Waves },
   EDITOR    = {},
   YEAR      = { 2001 },
   MONTH     = { July },
   SERIES    = { Paper 5456 },
   PUBLISHER = {},
   ADDRESS   = {},
   ISBN      = {},
   ANNOTE    = {}
   }

@INPROCEEDINGS { stewart_etal_2001c,
   AUTHOR    = { Stewart, B. S. and Morgan, R. G. and Jacobs, P. A. and 
                 Austin, K. J. and Jenkins, D. M. },
   TITLE     = { Establishment of test conditions in the {RHYFL-X} facility. },
   BOOKTITLE = { 37th AIAA/ASMESAE/ASEE Joint Proplusion Conference and
                 Exhibition },
   EDITOR    = {},
   YEAR      = { 2001 },
   MONTH     = { July },
   SERIES    = { AIAA-Paper-2001-4843 },
   PUBLISHER = {},
   ADDRESS   = {},
   ISBN      = {},
   ANNOTE    = {}
   }

@INPROCEEDINGS { austin_jacobs_2001b,
   AUTHOR    = { Austin, K. J. and Jacobs, P. A. },
   TITLE     = { Can trained monkeys design flight controllers 
                 for hypersonic vehicles? },
   BOOKTITLE = { The 10th Biennial Computational Techniques
                 and Applications Conference },
   EDITOR    = {},
   YEAR      = { 2001 },
   MONTH     = { July },
   PAGES     = {},
   PUBLISHER = {},
   ADDRESS   = {},
   ISBN      = {},
   ANNOTE    = {}
   }

@INPROCEEDINGS { goozee_jacobs_2001a,
   AUTHOR    = { Goozee, R. J. and Jacobs, P. A. },
   TITLE     = { Comparison of parallelism using {OpenMP} and {MPI}
                 with smoothed particle hydrodynamics. },
   BOOKTITLE = { The 10th Biennial Computational Techniques
                 and Applications Conference },
   EDITOR    = {},
   YEAR      = { 2001 },
   MONTH     = { July },
   PAGES     = {},
   PUBLISHER = {},
   ADDRESS   = {},
   ISBN      = {},
   ANNOTE    = {}
   }

@INPROCEEDINGS { abdeljawad_etal_2001a,
   AUTHOR    = { Abdel-Jawad, M. M. and Mee, D. J. and Morgan, R. G. and
                 Jacobs, P. A. and Philpot, J. A. },
   TITLE     = { Transient force measurement at superorbital re-entry speeds. },
   BOOKTITLE = { 23rd International Symposium on Shock Waves },
   EDITOR    = {},
   YEAR      = { 2001 },
   MONTH     = { July },
   SERIES    = { Paper 5358 },
   PUBLISHER = {},
   ADDRESS   = {},
   ISBN      = {},
   ANNOTE    = {}
   }

@TECHREPORT { mcintyre_etal_2001a,
   AUTHOR      = { McIntyre, T. J. and Lourel, I. and Eichmann, T. N. and
                   Morgan, R. G. and Jacobs, P. A. and Bishop, A. I. },
   TITLE       = { An experimental expansion tube study of the flow over a
                   toroidal ballute. },
   INSTITUTION = { The University of Queensland },
   ADDRESS     = { Brisbane, Australia. },
   YEAR        = { 2001 },
   MONTH       = { November },
   TYPE        = { {Department} of {Mechanical} {Engineering} {Report} },
   NUMBER      = { 2001/06 },
   ANNOTE      = {}
   }

@ARTICLE { austin_jacobs_2001c,
   AUTHOR  = { Austin, K. J. and Jacobs, P. A. },
   TITLE   = { An adaptive range mutation operator for real-coded
               genetic algorithms. },
   JOURNAL = { Evolutionary Computation },
   YEAR    = { 2003 },
   VOLUME  = { submitted September 2001, being revised },
   NUMBER  = {},
   PAGES   = {},
   ANNOTE  = {}
   }

@INPROCEEDINGS { goozee_jacobs_2001b,
   AUTHOR  = { Goozee, R. J. and Jacobs, P. A. },
   TITLE   = { Computational modelling of hypersonic flows involving
               fluid interfaces. },
   BOOKTITLE = { HPC Asia 2001 },
   EDITOR    = {},
   YEAR      = { 2001 },
   MONTH     = { September },
   SERIES    = { poster presentation },
   PUBLISHER = {},
   ADDRESS   = {},
   ISBN      = {},
   ANNOTE    = {}
   }

---------------------- 2002 ----------------------

@TECHREPORT { jacobs_2002a,
   AUTHOR      = { Jacobs, P. A. },
   TITLE       = { {TDS} - Shock Tunnel Data Server and Browser. },
   INSTITUTION = { The University of Queensland },
   ADDRESS     = { Brisbane, Australia. },
   YEAR        = { 2002 },
   MONTH       = { January },
   TYPE        = { {Department} of {Mechanical} {Engineering} {Report} },
   NUMBER      = { 2002/08 },
   NOTE        = { URL http://www.mech.uq.edu.au/cfcfd/ },
   ANNOTE      = {}
   }

@ARTICLE { wheatley_etal_2002a,
   AUTHOR  = { Wheatley, V. and Chiu, S. and Jacobs, P. A. and 
               Macrossan, M. N. and Mee, D. J. and Morgan, R. G.},
   TITLE   = { Rarefied, superorbital flows in an expansion tube. },
   JOURNAL = { International Journal of Numerical Methods for Heat and 
               Fluid Flow },
   YEAR    = { 2004 },
   VOLUME  = { 14 },
   NUMBER  = { 4 },
   PAGES   = { 512--537 },
   ANNOTE  = { identical to wheatley_etal_2004a }
   }

@ARTICLE { buttsworth_etal_2002a,
   AUTHOR  = { Buttsworth, D. R. and Jacobs, P. A. and Jones, T. V. },
   TITLE   = { Simulation of {Oxford} {University} {Gun} {Tunnel} performance
               using a quasi-one-dimensional model. },
   JOURNAL = { Shock Waves },
   YEAR    = { 2002 },
   VOLUME  = { 11 },
   NUMBER  = {},
   PAGES   = { 377--383 },
   ANNOTE  = { duplicate of buttsworth_etal_2001a }
   }

@ARTICLE { mcintyre_etal_2002a,
   AUTHOR  = { McIntyre, T. J. and Lourel, I. and Eichmann, T. N. and
               Morgan, R. G. and Jacobs, P. A. and Bishop, A. I. },
   TITLE   = { An experimental expansion tube study of the flow over 
               a toroidal ballute. },
   JOURNAL = aiaajsr,
   YEAR    = { 2004 },
   VOLUME  = { 41 },
   NUMBER  = { 5 },
   PAGES   = { 716--725 },
   ANNOTE  = { identical to mcintyre_etal_2004a }
   }

@INPROCEEDINGS { stewart_etal_2002a,
   AUTHOR    = { Stewart, B. and Hayne, M. and Jacobs, P. and Morgan, R. G.},
   TITLE     = { Flow establishment in large-scale high-performance
                 expansion tubes. },
   BOOKTITLE = { AIAA/AAAF 11th International Space Planes and
                 Hypersonic Systems and Technologies Conference },
   EDITOR    = {},
   YEAR      = { 2002 },
   MONTH     = { September },
   SERIES    = { AIAA-Paper-2002-5239 },
   PUBLISHER = {},
   ADDRESS   = {},
   ISBN      = {},
   ANNOTE    = {}
   }

@INPROCEEDINGS { goozee_etal_2002a,
   AUTHOR    = { Gooz\'{e}e, R. J. and Buttsworth, D. R. and Jacobs, P. A. },
   TITLE     = { Numerical simulation of fluctuations in 
                 a shock tunnel flow. },
   BOOKTITLE = { Computational Fluid Dynamics 2002 },
   EDITOR    = { Armfield, S. and Morgan, P. and Srinivas, K. },
   YEAR      = { 2002 },
   MONTH     = { July },
   PAGES     = { 611--616 },
   PUBLISHER = { Springer-Verlag },
   ADDRESS   = {},
   ISBN      = {},
   ANNOTE    = {}
   }

@INPROCEEDINGS { goozee_jacobs_2002a,
   AUTHOR    = { Gooz\'{e}e, R. J. and Jacobs, P. A. },
   TITLE     = { Parallelism for simulations of an entire shock tunnel facility. },
   BOOKTITLE = { Computational Fluid Dynamics 2002 },
   EDITOR    = { Armfield, S. and Morgan, P. and Srinivas, K. },
   YEAR      = { 2002 },
   MONTH     = { July },
   PAGES     = { 769--770 },
   PUBLISHER = { Springer-Verlag },
   ADDRESS   = {},
   ISBN      = {},
   ANNOTE    = {}
   }

@INPROCEEDINGS { gardner_etal_2002a,
   AUTHOR    = { Gardner, A. D. and Weiland, M. and Jacobs, P. A. and
                 Hannemann, K. },
   TITLE     = { Extension of the {HEG} operating conditions for the 
                 {SHEFEX} flight experiment. },
   BOOKTITLE = { Thirteenth DGLR-Fach-Symposium der STAB },
   EDITOR    = {},
   YEAR      = { 2002 },
   MONTH     = { November },
   PAGES     = {},
   PUBLISHER = {},
   ADDRESS   = {},
   ISBN      = {},
   ANNOTE    = {}
   }

@INPROCEEDINGS { rohde_etal_2002a,
   AUTHOR    = { Rohde, A. H. and Pienaar, G. L. and Veidt, M. and
                 Jacobs, P. A. and Murdoch, B. E. and Gooz\'{e}e, J. V. and
                 Scott, D. and Meyers, I. A. },
   TITLE     = { Development and application of a pressure sensing 
                 electropalatograph. },
   BOOKTITLE = { Proceedings of the 9th Australian International Conference
                 on Speech Science \& Technology },
   EDITOR    = {},
   YEAR      = { 2002 },
   MONTH     = { December },
   PAGES     = {},
   PUBLISHER = { Australian Speech Science \& Technology Association Inc. },
   ADDRESS   = {},
   ISBN      = {},
   ANNOTE    = {}
   }

@BOOK { pemberton_etal_2002a,
   AUTHOR    = { Pemberton, M. and Turner, I. and Jacobs (Editors), P. },
   TITLE     = { Proceedings 5th Biennial Engineering Mathematics 
                 and Applications Conference },
   PUBLISHER = { The Institution of Engineers Australia },
   ADDRESS   = {},
   YEAR      = { 2002 },
   ISBN      = { ISSN 1447-378X },
   ANNOTE    = {* Ross really did the editorial work for this. }
   }


------------------- 2003 ---------------------

@TECHREPORT { jacobs_gardner_2003a,
   AUTHOR      = { Jacobs, P. A. and Gardner, A. D. and Hannemann, K. },
   TITLE       = { Gas-dynamic modelling of the {HEG} shock tunnel. },
   INSTITUTION = { Deutsches Zentrum f\"{u}r Luft- und Raumfahrt E.V. },
   ADDRESS     = { G\"{o}ttingen, Germany },
   YEAR        = { 2003 },
   MONTH       = { January },
   TYPE        = { Report },
   NUMBER      = { DLR-IB 224-2003-A02 01/2003 },
   ANNOTE      = { * Tony Gardner has it up on ResearchGate }
   }


@ARTICLE { austin_jacobs_2003a,
   AUTHOR  = { Austin, K. J. and Jacobs, P. A. },
   TITLE   = { Can trained monkeys design flight controllers 
                 for hypersonic vehicles? },
   JOURNAL = { Australian \& New Zealand Industrial and 
               Applied Mathematics Journal },
   YEAR    = { 2003 },
   VOLUME  = { 44 },
   NUMBER  = { E },
   PAGES   = { C40--C60 },
   ANNOTE  = {}
   }

@ARTICLE { goozee_jacobs_2003a,
   AUTHOR  = { Gooz\'{e}e, R. J. and Jacobs, P. A. },
   TITLE   = { Distributed and shared memory parallelism with a smoothed particle
               hydrodynamics code. },
   JOURNAL = { Australian \& New Zealand Industrial and 
               Applied Mathematics Journal },
   YEAR    = { 2003 },
   VOLUME  = { 44 },
   NUMBER  = { E },
   PAGES   = { C202--C228 },
   ANNOTE  = {}
   }

@ARTICLE { stewart_etal_2003a,
   AUTHOR  = { Stewart, B. S. and Morgan, R. G. and Jacobs, P. A. },
   TITLE   = { RocketDyne Hypersonic Flow Laboratory as
               High Performance Expansion Tube for Scramjet Testing. },
   JOURNAL = aiaajpp,
   YEAR    = { 2003 },
   VOLUME  = { 19 },
   NUMBER  = { 1 },
   PAGES   = { 98--103 },
   ANNOTE  = { identical entry to stewart_etal_2001a }
   }

@TECHREPORT { jacobs_2003a,
   AUTHOR      = { Jacobs, P. A. },
   TITLE       = { Tunnel-data server: Data format, archive maintenance
                   and access protocol. },
   INSTITUTION = { The University of Queensland },
   ADDRESS     = { Brisbane, Australia. },
   YEAR        = { 2003 },
   MONTH       = { May },
   TYPE        = { {Department} of {Mechanical} {Engineering} {Report} },
   NUMBER      = { 2003/06 },
   ANNOTE      = {}
   }

@TECHREPORT { stewart_etal_2003b,
   AUTHOR      = { Stewart, B. S. and Jacobs, P. A. and Morgan, R. G. },
   TITLE       = { Finite-rate chemistry simulations of the {X2} expansion tube. },
   INSTITUTION = { The University of Queensland },
   ADDRESS     = { Brisbane, Australia. },
   YEAR        = { 2003 },
   MONTH       = { September },
   TYPE        = { {Department} of {Mechanical} {Engineering} {Report} },
   NUMBER      = { 2003/10 },
   ANNOTE      = {}
   }

@ARTICLE { gardner_etal_2003a,
   AUTHOR    = { Gardner, A. D. and and Jacobs, P. A. and Hannemann, K. },
   TITLE     = { End-to-End modelling and design of a new operating condition 
                 for {HEG}. },
   JOURNAL = { Notes on Numerical Fluid Mechanics },
   YEAR    = { 2003 },
   VOLUME  = { 87 },
   NUMBER  = { accepted },
   PAGES   = {},
   PUBLISHER = { Springer },
   ANNOTE  = { superceded by gardner_etal_2004a }
   }

@INPROCEEDINGS { gollan_etal_2003a,
   AUTHOR    = { Gollan, R. J. and Jacobs, P. A. and Karl, S. and Smith, S. C. },
   TITLE     = { Numerical Modelling of Radiating Superorbital Flows. },
   BOOKTITLE = { Computational Techniques and Applications Conference CTAC2003},
   EDITOR    = {},
   YEAR      = { 2003 },
   MONTH     = { July },
   PAGES     = { },
   PUBLISHER = {},
   ADDRESS   = { Sydney },
   ISBN      = {},
   ANNOTE    = { precursor to gollan_etal_2004a }
   }

@TECHREPORT { gollan_jacobs_2003a,
   AUTHOR      = { Gollan, R. J. and Jacobs, P. A. },
   TITLE       = { Numerical Modelling of Radiating Superorbital Flows: with
                   detailed governing equations. },
   INSTITUTION = { The University of Queensland },
   ADDRESS     = { Brisbane, Australia. },
   YEAR        = { 2003 },
   MONTH       = { December },
   TYPE        = { {Department} of {Mechanical} {Engineering} {Report} },
   NUMBER      = { 2003/26 },
   ANNOTE      = {}
   }

@INPROCEEDINGS { mundt_etal_2003a,
   AUTHOR    = { Mundt, Ch. and Jacobs, P. and Boyce, R. and Hannemann, K. },
   TITLE     = { A comparative study of piston-driven shock-tunnels. },
   BOOKTITLE = { Deutscher Luft- und Raumfahrtkongress },
   EDITOR    = {},
   YEAR      = { 2003 },
   MONTH     = { November },
   SERIES    = { Paper DGLR-JT-2003-74 },
   PUBLISHER = {},
   ADDRESS   = { M\"{u}nchen },
   ISBN      = {},
   ANNOTE    = {}
   }

@TECHREPORT { jacobs_2003b,
   AUTHOR      = { Jacobs, P. A. },
   TITLE       = { Calibration of a simulation model of the {T4} shock tunnel.. },
   INSTITUTION = { The University of Queensland },
   ADDRESS     = { Brisbane, Australia. },
   YEAR        = { 2003 },
   MONTH       = { December },
   TYPE        = { {Department} of {Mechanical} {Engineering} {Report} },
   NUMBER      = { 2003/25 },
   ANNOTE      = {}
   }

@ARTICLE { goozee_etal_2003a,
   AUTHOR  = { Gooz\'{e}e, R. J. and Jacobs, P. A. and Buttsworth, D. R. },
   TITLE   = { Simulation of a complete reflected-shock tunnel showing a new
               mechanism for flow contamination. },
   JOURNAL = { Shock Waves },
   YEAR    = { 2005 },
   VOLUME  = { submitted },
   NUMBER  = {},
   PAGES   = {},
   ANNOTE  = { same as goozee_etal_2003a }
   }

------------------- 2004 ---------------------

@TECHREPORT { mee_etal_2004a,
   AUTHOR      = { Mee, D. J. and Chiu, H. S. and Jacobs, P. A. },
   TITLE       = { The average pressure on a flat-faced circular cylinder
                   in supersonic and hypersonic flows. },
   INSTITUTION = { The University of Queensland },
   ADDRESS     = { Brisbane, Australia. },
   YEAR        = { 2004 },
   MONTH       = { January },
   TYPE        = { {Department} of {Mechanical} {Engineering} {Report} },
   NUMBER      = { 2004/01 },
   ANNOTE      = {}
   }

@TECHREPORT { mee_etal_2004b,
   AUTHOR      = { Mee, D. J. and Jacobs, P. A. and Reddy, K. P. J. and 
                   Rajakumar, B. and  Arunan, E. },
   TITLE       = { Simulation of the performance of the {IISc} chemical kinetics
                   shock tube. },
   INSTITUTION = { The University of Queensland },
   ADDRESS     = { Brisbane, Australia. },
   YEAR        = { 2004 },
   MONTH       = { January },
   TYPE        = { {Department} of {Mechanical} {Engineering} {Report} },
   NUMBER      = { 2004/01 },
   ANNOTE      = { same as mee_etal_2004c }
   }

@TECHREPORT { mee_etal_2004c,
   AUTHOR      = { Mee, D. J. and Jacobs, P. A. and Reddy, K. P. J. and 
                   Rajakumar, B. and  Arunan, E. },
   TITLE       = { Simulation of the performance of the {IISc} chemical kinetics
                   shock tube. },
   INSTITUTION = { Indian Institute of Science },
   ADDRESS     = { Bangalore, India. },
   YEAR        = { 2004 },
   MONTH       = { January },
   TYPE        = { {Research} {Report} },
   NUMBER      = { 2004 HTCKL1 },
   ANNOTE      = { same as mee_etal_2004b }
   }

@ARTICLE { wheatley_etal_2004a,
   AUTHOR  = { Wheatley, V. and Chiu, S. and Jacobs, P. A. and 
               Macrossan, M. N. and Mee, D. J. and Morgan, R. G.},
   TITLE   = { Rarefied, superorbital flows in an expansion tube. },
   JOURNAL = { International Journal of Numerical Methods for Heat and 
               Fluid Flow },
   YEAR    = { 2004 },
   VOLUME  = { 14 },
   NUMBER  = { 4 },
   PAGES   = { 512--537 },
   ANNOTE  = { identical to wheatley_etal_2002a }
   }

@ARTICLE { gollan_etal_2004a,
   AUTHOR    = { Gollan, R. J. and Jacobs, P. A. and Karl, S. and Smith, S. C. },
   TITLE     = { Numerical Modelling of Radiating Superorbital Flows. },
   JOURNAL = { Australian \& New Zealand Industrial and 
               Applied Mathematics Journal },
   YEAR    = { 2004 },
   VOLUME  = { 45 },
   NUMBER  = {},
   PAGES   = { C248--C268 },
   ANNOTE  = { journal version of gollan_etal_2003a }
   }

@INPROCEEDINGS { gardner_etal_2004a,
   AUTHOR    = { Gardner, A. D. and Jacobs, P. A. and Hannemann, K. },
   TITLE     = { End-to-End Modelling and Design of a New Operating 
                 Condition for {HEG}. },
   BOOKTITLE = { New Results in Numerical and Experimental Fluid Mechanics IV.
                 Contributions to the 13th STAB/DGLR Symposium Munich, Germany. },
   EDITOR    = { Breitsanter, C. and Laschka, B. and Heinemann, H. -J. and
                 Hilbig, R. },
   YEAR      = { 2004 },
   MONTH     = { },
   PAGES     = { 220--228 },
   PUBLISHER = { Springer },
   ADDRESS   = {},
   ISBN      = { 3-540-20258-7 },
   ANNOTE    = { refereed and revised version of gardner_etal_2002a }
   }

@INPROCEEDINGS { jacobs_etal_2004a,
   AUTHOR    = { Jacobs, P. A. and Gardner, A. D. and Buttsworth, D. R. and
                 Martinez-Schramm, J. and Karl, S. and Hannemann, K. },
   TITLE     = { End-to-End Modelling of the {HEG} Shock Tunnel. },
   BOOKTITLE = { 24th International Symposium on Shock Waves, Beijing, China },
   EDITOR    = { Jiang },
   YEAR      = { 2004 },
   MONTH     = { July },
   PAGES     = {},
   PUBLISHER = { Springer },
   ADDRESS   = {},
   ISBN      = {},
   ANNOTE    = {}
   }

@INPROCEEDINGS { scott_etal_2004a,
   AUTHOR    = { Scott, M. P. and Jacobs, P. A. and Morgan, R. G. },
   TITLE     = { Nozzle development for an Expansion Tunnel. },
   BOOKTITLE = { 24th International Symposium on Shock Waves, Beijing, China },
   EDITOR    = { Jiang },
   YEAR      = { 2004 },
   MONTH     = { July },
   PAGES     = {},
   PUBLISHER = { Springer },
   ADDRESS   = {},
   ISBN      = {},
   ANNOTE    = {}
   }

@INPROCEEDINGS { silvester_etal_2004a,
   AUTHOR    = { Silvester, T. B. and Morgan, R. G. and Jacobs, P. A. },
   TITLE     = { Skin Friction Measurements in a Duct in 
                 the {X3} Superorbital Expansion Tube. },
   BOOKTITLE = { 40th AIAA/ASME/SAE/ASEE Joint Propulsion Conference and Exhibit },
   EDITOR    = {},
   YEAR      = { 2004 },
   MONTH     = { July },
   SERIES    = { AIAA-Paper-2004-3551 },
   ADDRESS   = {},
   ISBN      = {},
   ANNOTE    = {}
   }

@INPROCEEDINGS { mee_etal_2004d,
   AUTHOR    = { Mee, D. J. and Jacobs, P. A. and Reddy, K. P. J. and 
                 Rajakumar, B. and Arunan, E. },
   TITLE     = { Simulation of the performance of a shock tube for 
                 studying chemical kinetics. },
   BOOKTITLE = { 9th International Workshop on Shock Tube Technology },
   EDITOR    = {},
   YEAR      = { 2004 },
   MONTH     = { September },
   PAGES     = {},
   PUBLISHER = {},
   ADDRESS   = { Woomera },
   ISBN      = {},
   ANNOTE    = {}
   }

@INPROCEEDINGS { raghunath_etal_2004a,
   AUTHOR    = { Raghunath, S. and Mee, D. J. and R\"{o}sgen, T. and Jacobs, P. A. },
   TITLE     = { Flow visualization in the {Drummond} shock tunnel, using the
                 background oriented {Schlieren} ({BOS}) technique. },
   BOOKTITLE = { A.I.A.A. Student Conference },
   EDITOR    = {},
   YEAR      = { 2004 },
   MONTH     = { September },
   PAGES     = {},
   PUBLISHER = {},
   ADDRESS   = { Sydney },
   ISBN      = {},
   ANNOTE    = {}
   }

@INPROCEEDINGS { gollan_jacobs_2004a,
   AUTHOR    = { Gollan, R. J. and Jacobs, P. A. },
   TITLE     = { Computations of Expansion Tube Flows for the Simulation of
                 Planetary Entry. },
   BOOKTITLE = { Computational Techniques and Applications Conference },
   EDITOR    = {},
   YEAR      = { 2004 },
   MONTH     = { September },
   PAGES     = {},
   PUBLISHER = {},
   ADDRESS   = {},
   ISBN      = {},
   ANNOTE    = {}
   }

@TECHREPORT { jacobs_2004a,
   AUTHOR      = { Jacobs, P. A. },
   TITLE       = { {MB\_CNS} Example Book. },
   INSTITUTION = { The University of Queensland },
   ADDRESS     = { Brisbane, Australia. },
   YEAR        = { 2004 },
   MONTH       = { September },
   TYPE        = { {Department} of {Mechanical} {Engineering} {Report} },
   NUMBER      = { 2004/10 },
   ANNOTE      = {}
   }

@TECHREPORT { jacobs_2004b,
   AUTHOR      = { Jacobs, P. A. },
   TITLE       = { Databox Manager: Device driver and user interface software. },
   INSTITUTION = { The University of Queensland },
   ADDRESS     = { Brisbane, Australia. },
   YEAR        = { 2005 },
   MONTH       = { January },
   TYPE        = { {Department} of {Mechanical} {Engineering} {Report} },
   NUMBER      = { 2004/14 },
   ANNOTE      = {}
   }

@ARTICLE { mcintyre_etal_2004a,
   AUTHOR  = { McIntyre, T. J. and Lourel, I. and Eichmann, T. N. and
               Morgan, R. G. and Jacobs, P. A. and Bishop, A. I. },
   TITLE   = { An experimental expansion tube study of the flow over 
               a toroidal ballute. },
   JOURNAL = aiaajsr,
   YEAR    = { 2004 },
   VOLUME  = { 41 },
   NUMBER  = { 5 },
   PAGES   = { 716--725 },
   ANNOTE  = { identical to mcintyre_etal_2002a }
   }


-------------- 2005 --------------------

@INPROCEEDINGS { scott_etal_2005a,
   AUTHOR    = { Scott, M. P. and Morgan, R. G. and Jacobs, P. A. },
   TITLE     = { A New Single Stage Driver for the {X2} Expansion Tube. },
   BOOKTITLE = { 43rd AIAA Aerospace Science Meeting and Exhibit },
   EDITOR    = {},
   YEAR      = { 2005 },
   MONTH     = { January },
   SERIES    = { AIAA-Paper-2005-0697 },
   PUBLISHER = { American Institute of Aeronautics and Astronautics },
   ADDRESS   = {},
   ISBN      = {},
   ANNOTE    = {}
   }

@INPROCEEDINGS { jacobs_etal_2005a,
   AUTHOR    = { Jacobs, P. A. and Silvester, T. B. and Morgan, R. G. and 
                 Scott, M. P. and Gollan, R. J. and McIntyre, T. J. },
   TITLE     = { Superorbital expansion tube operation: Estimates of flow conditions
                 via numerical simulation. },
   BOOKTITLE = { 43rd AIAA Aerospace Science Meeting and Exhibit },
   EDITOR    = {},
   YEAR      = { 2005 },
   MONTH     = { January },
   SERIES    = { AIAA-Paper-2005-0694 },
   PUBLISHER = { American Institute of Aeronautics and Astronautics },
   ADDRESS   = {},
   ISBN      = {},
   ANNOTE    = {}
   }

@INPROCEEDINGS { denman_etal_2005a,
   AUTHOR    = { Denman, A. J. and Jacobs, P. A. and Mee, D. J. },
   TITLE     = { Compressible, Turbulent Flow with Boundary-Layer Heat Addition. },
   BOOKTITLE = { 43rd AIAA Aerospace Science Meeting and Exhibit },
   EDITOR    = {},
   YEAR      = { 2005 },
   MONTH     = { January },
   SERIES    = { AIAA-Paper-2005-1097 },
   PUBLISHER = { American Institute of Aeronautics and Astronautics },
   ADDRESS   = {},
   ISBN      = {},
   ANNOTE    = {}
   }

@ARTICLE { scott_etal_2005b,
   AUTHOR  = { Scott, M. P. and Jacobs, P. A. and Morgan, R. G. },
   TITLE   = { One-dimensional modelling of the new configuration 
               of the {X2} expansion tube. },
   JOURNAL = { Shock Waves },
   YEAR    = { 2005 },
   VOLUME  = { submitted },
   NUMBER  = {},
   PAGES   = {},
   ANNOTE  = {}
   }

@INPROCEEDINGS { hankel_etal_2005a,
   AUTHOR    = { Hankel, M. and Gollan, R. J. and Denman, A. J. and
                 Jacobs, P. A. and Smith, S. C. },
   TITLE     = { The {UQ} Computational Science Compute Facility: 
                 Experiences of a research group operating 
                 a cluster facility. },
   BOOKTITLE = { LCA2005 Linux Clustering Mini-Conference },
   EDITOR    = {},
   YEAR      = { 2005 },
   MONTH     = { April },
   PAGES     = {},
   PUBLISHER = {},
   ADDRESS   = { Canberra, Australia },
   ISBN      = {},
   ANNOTE    = {}
   }

@ARTICLE { stalker_etal_2005a,
   AUTHOR  = { Stalker, R. J. and Paull, A. and Mee, D. J. and 
               Morgan, R. G. and Jacobs, P. A. },
   TITLE   = { Scramjets and shock tunnels -- The {Queensland} experience. },
   JOURNAL = { Progress in Aerospace Sciences },
   YEAR    = { 2005 },
   VOLUME  = { 41 },
   NUMBER  = {},
   PAGES   = { 471--513 },
   ANNOTE  = {}
   }

@INPROCEEDINGS { raghunath_etal_2005a,
   AUTHOR    = { Raghunath, S. and Mee, D. J. and R\"{o}sgen, T. and 
                 Jacobs, P. A. },
   TITLE     = { Background oriented schlieren for flow visualisation 
                 in shock tunnels. },
   BOOKTITLE = { The 25th International Symposium on Shock Waves -- ISSW25 },
   EDITOR    = { Reddy, K. P. J. },
   YEAR      = { 2005 },
   MONTH     = { July },
   PAGES     = {},
   PUBLISHER = { Indian Institute of Science },
   ADDRESS   = { Bangalore, India },
   ISBN      = {},
   ANNOTE    = {}
   }

@INPROCEEDINGS { mcgilvray_etal_2005a,
   AUTHOR    = { McGilvray, M. and Morgan, R. G. and Paull, A. and 
                 Abdel-Jawad, M. M. and Jacobs, P. A. and McIntyre, T. J. and
                 Scott, M. A. },
   TITLE     = { Operating condition in {UQ}'s impulse facilities 
                 for scramjet testing. },
   BOOKTITLE = { The 25th International Symposium on Shock Waves -- ISSW25 },
   EDITOR    = { Reddy, K. P. J. },
   YEAR      = { 2005 },
   MONTH     = { July },
   PAGES     = {},
   PUBLISHER = { Indian Institute of Science },
   ADDRESS   = { Bangalore, India },
   ISBN      = {},
   ANNOTE    = {}
   }

@TECHREPORT { jacobs_2005a,
   AUTHOR      = { Jacobs, P. A. },
   TITLE       = { Using l\_script to define {L1d} simulations. },
   INSTITUTION = { The University of Queensland },
   ADDRESS     = { Brisbane, Australia. },
   YEAR        = { 2005 },
   MONTH       = { July },
   TYPE        = { {Department} of {Mechanical} {Engineering} {Report} },
   NUMBER      = { 2005/09 },
   ANNOTE      = {}
   }

@TECHREPORT { jacobs_2005b,
   AUTHOR      = { Jacobs, P. A. },
   TITLE       = { Using scriptit.py to define {MB\_CNS} simulations. },
   INSTITUTION = { The University of Queensland },
   ADDRESS     = { Brisbane, Australia. },
   YEAR        = { 2005 },
   MONTH       = { July },
   TYPE        = { {Department} of {Mechanical} {Engineering} {Report} },
   NUMBER      = { 2005/10 },
   ANNOTE      = {}
   }

@INPROCEEDINGS { mcgilvray_etal_2005b,
   AUTHOR    = { McGilvray, M. and Teakle, P. and Jacobs, P. A. and
                 Morgan, M. },
   TITLE     = { Geometrical Nozzle Design for Wagtail Rockets. },
   BOOKTITLE = { 5th Australian Space Science Conference },
   EDITOR    = {},
   YEAR      = { 2005 },
   MONTH     = { September },
   PAGES     = {},
   PUBLISHER = { National Space Society of Australia },
   ADDRESS   = {},
   ISBN      = {},
   ANNOTE    = {}
   }

@TECHREPORT { jacobs_mcgilvray_2005a,
   AUTHOR      = { Jacobs, P. A. and McGilvray, M. },
   TITLE       = { {MECH4470} lecture notes on hypersonics. },
   INSTITUTION = { The University of Queensland },
   ADDRESS     = { Brisbane, Australia. },
   YEAR        = { 2005 },
   MONTH       = { September },
   TYPE        = { {Department} of {Mechanical} {Engineering} {Report} },
   NUMBER      = { 2005/14 },
   ANNOTE      = {}
   }

@TECHREPORT { jacobs_2005c,
   AUTHOR      = { Jacobs, P. A. },
   TITLE       = { Elements of Python Programming. },
   INSTITUTION = { The University of Queensland },
   ADDRESS     = { Brisbane, Australia. },
   YEAR        = { 2005 },
   MONTH       = { September },
   TYPE        = { {Department} of {Mechanical} {Engineering} {Report} },
   NUMBER      = { 2005/16 },
   ANNOTE      = {}
   }

@INPROCEEDINGS { jacobs_2005d,
   AUTHOR    = { Jacobs, P. A. },
   TITLE     = { University of Queensland research activities 
                 in hypersonic flows. },
   BOOKTITLE = { Australian Association of von Humboldt Fellows: 
                 Eleventh Biennial Conference },
   EDITOR    = {},
   YEAR      = { 2005 },
   MONTH     = { September },
   PAGES     = {},
   PUBLISHER = {},
   ADDRESS   = {},
   ISBN      = {},
   ANNOTE    = {}
   }

@ARTICLE { sun_etal_2005a,
   AUTHOR  = { Sun, M. and Saito, T. and Jacobs, P.A. and
               Timofeev, E. V. and Ohtani, K. and Takayama, K. },
   TITLE   = { Axisymmetric shock wave interaction with a cone: a benchmark test. },
   JOURNAL = { Shock Waves },
   YEAR    = { 2005 },
   VOLUME  = { 14 },
   NUMBER  = { 5 },
   PAGES   = { 313--331 },
   ANNOTE  = {}
   }

@INPROCEEDINGS { petrie-repar_etal_2005a,
   AUTHOR    = { Petrie-Repar, P. J. and McGhee, A. and Jacobs, P. A. and
                 Gollan, R. },
   TITLE     = { Analytical maps of aerodynamic damping as a function of 
                 operating condition for a compressor profile. },
   BOOKTITLE = { ASME Turbo Expo 2006 },
   EDITOR    = {},
   YEAR      = { 2006 },
   MONTH     = {},
   PAGES     = { GT2006-90829 },
   PUBLISHER = { ASME },
   ADDRESS   = {},
   ISBN      = {},
   ANNOTE    = {}
   }

------------------ 2006 --------------------------


@ARTICLE { goozee_etal_2006a,
   AUTHOR  = { Gooz\'{e}e, R. J. and Jacobs, P. A. and Buttsworth, D. R. },
   TITLE   = { Simulation of a complete reflected shock tunnel showing a vortex
               mechanism for flow contamination. },
   JOURNAL = { Shock Waves },
   YEAR    = { 2006 },
   VOLUME  = { 15 },
   NUMBER  = { 3-4 },
   PAGES   = { 165--176 },
   ANNOTE  = { same as goozee_etal_2003a }
   }

@INPROCEEDINGS { morgan_etal_2006a,
   AUTHOR    = { Morgan, R. G. and McIntyre, T. J. and Gollan, R. J. and 
                 Jacobs, P. A. and Brandis, A. M. and McGilvray, M. and
                 van Diem, D. and Gnoffo, P. and Pulsonetti, M. and Wright, M. },
   TITLE     = { Radiation measurements in nonreflected shock tunnels. },
   BOOKTITLE = { 25th AIAA Aerodynamic Measurement Technology and
                 Ground Testing Conference },
   EDITOR    = {},
   YEAR      = { 2006 },
   MONTH     = { June },
   SERIES    = { AIAA-Paper-2006-2958 },
   PUBLISHER = { American Institute of Aeronautics and Astronautics },
   ADDRESS   = {},
   ISBN      = {},
   ANNOTE    = {}
   }

@INPROCEEDINGS { brandis_etal_2006a,
   AUTHOR    = { Brandis, A. and Gollan, R. J. and Scott, M. and Morgan, R. G. and 
                 Jacobs, P. A. and Gnoffo, P. },
   TITLE     = { Expansion tube operating conditions for studying non-equilibrium
                 radiation relevant to {Titan} aerocapture. },
   BOOKTITLE = { 42nd AIAA/ASME/SAE/ASEE Joint Propulsion Conference and Exhibit },
   EDITOR    = {},
   YEAR      = { 2006 },
   MONTH     = { July },
   SERIES    = { AIAA-Paper-2006-4517 },
   PUBLISHER = { American Institute of Aeronautics and Astronautics },
   ADDRESS   = {},
   ISBN      = {},
   ANNOTE    = {}
   }

@ARTICLE { mundt_etal_2006a,
   AUTHOR  = { Mundt, Ch. and Boyce, R. and Jacobs, P. A. and Hannemann, K. },
   TITLE   = { Validation study of numerical simulations by comparison to measurements
               in piston-driven shock tunnels. },
   JOURNAL = { Aerospace Science and Technology },
   YEAR    = { 2007 },
   VOLUME  = { 11 },
   NUMBER  = {},
   PAGES   = { 100--109 },
   ANNOTE  = {}
   }

@INPROCEEDINGS { morgan_etal_2006b,
   AUTHOR    = { Morgan, R. G. and McIntyre, T. J. and Jacobs, P. A. and
                 Buttsworth, D. R. and Macrossan, M. N. and Gollan, R. J. and
                 Capra, B. R. and Brandis, A. M. and Potter, D. and Eichmann, T. and
                 Jacobs, C. M. and McGilvray, M. and van Diem, D. and Scott, M. P. },
   TITLE     = { Impulse facility simulation of hypervelocity radiating flows. },
   BOOKTITLE = { 2nd International Workshop on Radiation of High Temperature Gases
                 in Atmospheric Entry },
   EDITOR    = { Wilson, A. },
   YEAR      = { 2006 },
   MONTH     = { September },
   PAGES     = {},
   PUBLISHER = { European Space Agency },
   ADDRESS   = {},
   ISBN      = {},
   ANNOTE    = { SP-629 }
   }

@ARTICLE { raghunath_etal_2006a,
   AUTHOR  = { Ramanah, D. and  Raghunath, S. and Mee, D. J. and Roesgen, T. and Jacobs, P. A. },
   TITLE   = { Background oriented schlieren for flow visualisation in hypersonic impulse facilities },
   JOURNAL = { Shock Waves },
   YEAR    = { 2007 },
   VOLUME  = { 17 },
   NUMBER  = { 1-2 },
   PAGES   = { 65--70 },
   ANNOTE  = { same as ramanah_etal_2007a}
   }

@INPROCEEDINGS { petrierepar_etal_2006a,
   AUTHOR    = { Petrie-Repar, P. J. and McGhee, A. M. and Jacobs, P. A. and Gollan, R. J.},
   TITLE     = { Analytical maps of aerodynamic damping as a function of operating condition
                 for a compressor profile. },
   BOOKTITLE = { ASME TURBO EXPO },
   EDITOR    = {},
   YEAR      = { 2006 },
   MONTH     = { May },
   PAGES     = { GT2006-90829 },
   PUBLISHER = {},
   ADDRESS   = {},
   ISBN      = {},
   ANNOTE    = {}
   }

@INPROCEEDINGS { petrierepar_etal_2006b,
   AUTHOR    = { Petrie-Repar, P. J. and McGhee, A. M. and Jacobs, P. A. },
   TITLE     = { Viscous flutter analysis of a three-dimensional compressor blade. },
   BOOKTITLE = { International Symposium on Unsteady Aerodynamics, Aeroacoustics and 
                 Aeroelasticity of Turbomachines (ISUAAAT) },
   EDITOR    = {},
   YEAR      = { 2006 },
   MONTH     = { September },
   PAGES     = {},
   PUBLISHER = {},
   ADDRESS   = {},
   ISBN      = {},
   ANNOTE    = {}
   }

@INPROCEEDINGS { petrierepar_etal_2007a,
   AUTHOR    = { Petrie-Repar, P. J. and McGhee, A. M. and Jacobs, P. A. },
   TITLE     = { Three-dimensional viscous flutter analysis of Standard Configuration 10. },
   BOOKTITLE = { ASME TURBO EXPO },
   EDITOR    = {},
   YEAR      = { 2007 },
   MONTH     = { May },
   PAGES     = { GT2007-27800 },
   PUBLISHER = {},
   ADDRESS   = {},
   ISBN      = {},
   ANNOTE    = {}
   }

@INPROCEEDINGS { dann_etal_2006a,
   AUTHOR    = { Dann, A. and Denman, A. W. and Jacobs, P. A. and Morgan, R. G. },
   TITLE     = { Study of separating compressible turbulent boundary-layers. },
   BOOKTITLE = { 14th AIAA/AHI Space Planes and Hypersonic Systems and Technologies Conference },
   EDITOR    = {},
   YEAR      = { 2006 },
   MONTH     = { November },
   PAGES     = { AIAA-2006-7943 },
   PUBLISHER = { American Institute of Aeronautics and Astronautics },
   ADDRESS   = {},
   ISBN      = {},
   ANNOTE    = {}
   }

@INPROCEEDINGS { buttsworth_etal_2006a,
   AUTHOR    = { Buttsworth, D. R. and Goozee, R. J. and Jacobs, P. A. },
   TITLE     = { Measurement and simulation of the interface in a low-enthalpy shock tunnel. },
   BOOKTITLE = { 14th AIAA/AHI Space Planes and Hypersonic Systems and Technologies Conference },
   EDITOR    = {},
   YEAR      = { 2006 },
   MONTH     = { November },
   PAGES     = { AIAA-2006-8108 },
   PUBLISHER = { American Institute of Aeronautics and Astronautics },
   ADDRESS   = {},
   ISBN      = {},
   ANNOTE    = {}
   }

@INPROCEEDINGS { mcgilvray_etal_2006a,
   AUTHOR    = { McGilvray, M. and Jacobs, P. A. and Morgan, R. G. },
   TITLE     = { Simulations of scramjet starting and establishment time in an expansion tube. },
   BOOKTITLE = { 14th AIAA/AHI Space Planes and Hypersonic Systems and Technologies Conference },
   EDITOR    = {},
   YEAR      = { 2006 },
   MONTH     = { November },
   PAGES     = { AIAA-2006-8143 },
   PUBLISHER = { American Institute of Aeronautics and Astronautics },
   ADDRESS   = {},
   ISBN      = {},
   ANNOTE    = {}
   }

@TECHREPORT { jacobs_2006a,
   AUTHOR      = { Jacobs, P. A. },
   TITLE       = { {MBCNS2} Example Book. },
   INSTITUTION = { The University of Queensland },
   ADDRESS     = { Brisbane, Australia. },
   YEAR        = { 2006 },
   MONTH       = { February-December },
   TYPE        = { {Department} of {Mechanical} {Engineering} {Report} },
   NUMBER      = { 2006/02 },
   ANNOTE      = { https://espace.library.uq.edu.au/view/UQ:13029 }
   }

------------------ 2007 --------------------------

@INPROCEEDINGS { mcgilvray_etal_2007a,
   AUTHOR    = { McGilvray, M. and Jacobs, P. A. and Morgan, R. G. and Ramanah, D. },
   TITLE     = { Boundary layer transition in an expansion tube 
                 at a low enthalpy operating condition. },
   BOOKTITLE = { 45th AIAA Aerospace Sciences Meeting and Exhibit },
   EDITOR    = {},
   YEAR      = { 2007 },
   MONTH     = { January },
   PAGES     = { AIAA-2007-1328 },
   PUBLISHER = { American Institute of Aeronautics and Astronautics },
   ADDRESS   = {},
   ISBN      = {},
   ANNOTE    = {}
   }

@TECHREPORT { jacobs_etal_2007a,
   AUTHOR      = { Jacobs, P. A. and Denman, A. W. and Gollan, R. J. },
   TITLE       = { The {Elmer} {Code}: theory and implementation of
                   a compressible flow solver. },
   INSTITUTION = { The University of Queensland },
   ADDRESS     = { Brisbane, Australia. },
   YEAR        = { 2007 },
   MONTH       = { February },
   TYPE        = { {Department} of {Mechanical} {Engineering} {Report} },
   NUMBER      = { 2007/01 },
   ANNOTE      = {}
   }

@TECHREPORT { jacobs_etal_2007b,
   AUTHOR      = { Jacobs, P. A. and Gollan, R. J. and Denman, A. W. },
   TITLE       = { The {Elmer} {Code}: user guide and example book. },
   INSTITUTION = { The University of Queensland },
   ADDRESS     = { Brisbane, Australia. },
   YEAR        = { 2007 },
   MONTH       = { February },
   TYPE        = { {Department} of {Mechanical} {Engineering} {Report} },
   NUMBER      = { 2007/02 },
   ANNOTE      = {}
   }

@TECHREPORT { jacobs_2007a,
   AUTHOR      = { Jacobs, P. A. },
   TITLE       = { Rough notes on programming {AVR} microcontrollers in {C}. },
   INSTITUTION = { The University of Queensland },
   ADDRESS     = { Brisbane, Australia. },
   YEAR        = { 2007 },
   MONTH       = { March },
   TYPE        = { {Department} of {Mechanical} {Engineering} {Report} },
   NUMBER      = { 2007/04 },
   ANNOTE      = { https://espace.library.uq.edu.au/view/UQ:13029 }
   }

@TECHREPORT { jacobs_2007b,
   AUTHOR      = { Jacobs, P. A. },
   TITLE       = { A simple data logger for student-designed rocket experiments. },
   INSTITUTION = { The University of Queensland },
   ADDRESS     = { Brisbane, Australia. },
   YEAR        = { 2007 },
   MONTH       = { March },
   TYPE        = { {Department} of {Mechanical} {Engineering} {Report} },
   NUMBER      = { 2007/05 },
   ANNOTE      = { https://espace.library.uq.edu.au/view/UQ:12926 }
   }

@TECHREPORT { jacobs_2007c,
   AUTHOR      = { Jacobs, P. A. },
   TITLE       = { The {BCD} transient recorder revisited: firmware for 
                   the {ISA-to-USB} bridging card and software for the 
                   graphical user interface. },
   INSTITUTION = { The University of Queensland },
   ADDRESS     = { Brisbane, Australia. },
   YEAR        = { 2007 },
   MONTH       = { March },
   TYPE        = { {Department} of {Mechanical} {Engineering} {Report} },
   NUMBER      = { 2007/06 },
   ANNOTE      = { https://espace.library.uq.edu.au/view/UQ:13204 }
   }

@TECHREPORT { jacobs_etal_2007c,
   AUTHOR      = { Jacobs, C. M. and Eichmann, T. N. and Potter, D. F. and
                   Jacobs, P. A. and McGilvray, M. and Buttsworth, D. R. and
                   Morgan, R. G. and Gollan, R. J. and McIntyre, T. J. },
   TITLE       = { {X2} in nonreflected shock tube mode - Condition 7. },
   INSTITUTION = { The University of Queensland },
   ADDRESS     = { Brisbane, Australia. },
   YEAR        = { 2007 },
   MONTH       = { March },
   TYPE        = { {Mechanical} {Engineering} {Report} },
   NUMBER      = { 2007/08 },
   ANNOTE      = {}
   }

@INPROCEEDINGS {gollan_etal_2007a,
   AUTHOR    = { Gollan, R. J. and Jacobs, C. M. and Jacobs, P. A. and
                 Morgan, R. G. and McIntyre, T. J. and Macrossan, M. N. and
                 Buttsworth, D. R. and Eichmann, T. N. and Potter, D. F. },
   TITLE     = { A simulation technique for radiating shock tube flows. },
   BOOKTITLE = { 26th International Symposium on Shock Waves },
   EDITOR    = { K. Hannemann },
   YEAR      = { 2007 },
   MONTH     = { July },
   PAGES     = { Paper 3531 },
   PUBLISHER = {},
   ADDRESS   = {},
   ISBN      = {},
   ANNOTE    = {}
   }

@BOOK { jacobs_etal_2007d,
   EDITOR    = { Jacobs, P. and McIntyre, T. and Cleary, M. and
                 Buttsworth, D. and Mee, D. and Clements, R. and
                 Morgan, R. and Lemckert, C. },
   TITLE     = { Proceedings of the 16th Australasian Fluid Mechanics
                 Conference },
   PUBLISHER = { School of Engineering, The University of Queensland },
   ADDRESS   = { Brisbane },
   YEAR      = { 2007 },
   ISBN      = { 978-1-864998-94-8 },
   URL       = { http://espace.library.uq.edu.au/view/UQ:120748 },
   ANNOTE    = { }
   }

@INPROCEEDINGS { gollan_etal_2007b,
   AUTHOR    = { Gollan, R. J. and Johnston, I. A. and O'Flaherty, B. T. and
                 Jacobs, P. A. },
   TITLE     = { Development of {Casbar}: a two-phase flow code for the
                 interior ballistics problem. },
   BOOKTITLE = { 16th Australasian Fluid Mechanics Conference },
   EDITOR    = { Jacobs, PA and McIntyre, TJ },
   YEAR      = { 2007 },
   MONTH     = { December },
   PAGES     = { 295--302 },
   PUBLISHER = { School of Engineering, The University of Queensland },
   ADDRESS   = { Brisbane },
   ISBN      = { 978-1-864998-94-8 },
   ANNOTE    = {}
   }

@INPROCEEDINGS { potter_etal_2007b,
   AUTHOR    = { Potter, D. F. and Gollan, R. J. and Eichmann, T. and
                 Jacobs, P. A. and Morgan, R. G. and McIntyre, T. J. },
   TITLE     = { Simulation of {CO}$_2$ -{N}$_2$ expansion tunnel flow
                 for the study of radiating bluntbody shock layers. },
   BOOKTITLE = { 16th Australasian Fluid Mechanics Conference },
   EDITOR    = { Jacobs, PA and McIntyre, TJ },
   YEAR      = { 2007 },
   MONTH     = { December },
   PAGES     = { 373--380 },
   PUBLISHER = { School of Engineering, The University of Queensland },
   ADDRESS   = { Brisbane },
   ISBN      = { 978-1-864998-94-8 },
   ANNOTE    = {}
   }

@INPROCEEDINGS { mcgilvray_etal_2007b,
   AUTHOR    = { McGilvray, M. and Austin, J. M. and Sharma, M. and
                 Jacobs, P. A. and Morgan, R. G. },
   TITLE     = { Diagnostic modelling of an expansion tube operating
                 condition for a hypersonic free shear layer experiment. },
   BOOKTITLE = { 16th Australasian Fluid Mechanics Conference },
   EDITOR    = { Jacobs, PA and McIntyre, TJ },
   YEAR      = { 2007 },
   MONTH     = { December },
   PAGES     = { 385--393 },
   PUBLISHER = { School of Engineering, The University of Queensland },
   ADDRESS   = { Brisbane },
   ISBN      = { 978-1-864998-94-8 },
   ANNOTE    = {}
   }

@INPROCEEDINGS {brandis_etal_2007a,
   AUTHOR    = { Brandis, A. M. and Morgan, R. G. and Laux, C. O. and
                 Magin, T. and McIntyre, T. and Jacobs, P. A. },
   TITLE     = { Nonequilibrium radiation measurements and modelling 
                 relevant to {Titan} entry. },
   BOOKTITLE = { 16th Australasian Fluid Mechanics Conference },
   EDITOR    = { Jacobs, PA and McIntyre, TJ },
   YEAR      = { 2007 },
   MONTH     = { December },
   PAGES     = { 594--601 },
   PUBLISHER = { School of Engineering, The University of Queensland },
   ADDRESS   = { Brisbane },
   ISBN      = { 978-1-864998-94-8 },
   ANNOTE    = {}
   }

@INPROCEEDINGS { gangurde_etal_2007a,
   AUTHOR    = { Gangurde, D. Y. and Mee, D. J. and Jacobs, P. A. },
   TITLE     = { Numerical simulation of a {Ludwieg}-tube fuel delivery
                 system for scramjet experiments in shock tunnels. },
   BOOKTITLE = { 16th Australasian Fluid Mechanics Conference },
   EDITOR    = { Jacobs, PA and McIntyre, TJ },
   YEAR      = { 2007 },
   MONTH     = { December },
   PAGES     = { 645--649 },
   PUBLISHER = { School of Engineering, The University of Queensland },
   ADDRESS   = { Brisbane },
   ISBN      = { 978-1-864998-94-8 },
   ANNOTE    = {}
   }

@ARTICLE { ramanah_etal_2007a,
   AUTHOR  = { Ramanah, D. and  Raghunath, S. and Mee, D. J. and Roesgen, T. and Jacobs, P. A. },
   TITLE   = { Background oriented schlieren for flow visualisation in hypersonic impulse facilities },
   JOURNAL = { Shock Waves },
   YEAR    = { 2007 },
   VOLUME  = { 17 },
   NUMBER  = { 1-2 },
   PAGES   = { 65--70 },
   ANNOTE  = { same as raghunath_etal_2006a}
   }

------------------- 2008 ------------------------

@INPROCEEDINGS { potter_etal_2008a,
   AUTHOR    = { Potter, D. F. and Gollan, R. J. and Eichmann, T. N. and
                 McIntyre, T. J. and Morgan, R. G. and Jacobs, P. A. },
   TITLE     = { Simulation of {CO}$_2$-{N}$_2$ expansion tunnel flows
                 for the study of radiating shock layers. },
   BOOKTITLE = { 46th AIAA Aerospace Sciences Meeting and Exhibit },
   EDITOR    = {},
   YEAR      = { 2008 },
   MONTH     = { January },
   PAGES     = { Paper AIAA-2008-1280 },
   PUBLISHER = { American Institute of Astronautics and Aeronautics },
   ADDRESS   = {},
   ISBN      = {},
   ANNOTE    = {}
   }

@INPROCEEDINGS { potter_etal_2008b,
   AUTHOR    = { Potter, D. F. and Eichmann, T. and Brandis, A. and
                 Morgan, R. G. and Jacobs, P. A. and McIntyre, T. J. },
   TITLE     = { Simulation of radiating {CO}$_2$-{N}$_2$ shock layer 
                 experiments at hyperbolic entry conditions. },
   BOOKTITLE = { 40th Thermophysics Conference },
   EDITOR    = {},
   YEAR      = { 2008 },
   MONTH     = { June },
   PAGES     = { Paper AIAA-2008-3933 },
   PUBLISHER = { American Institute of Astronautics and Aeronautics },
   ADDRESS   = {},
   ISBN      = {},
   ANNOTE    = {}
   }

@INPROCEEDINGS { brandis_etal_2008a,
   AUTHOR    = { Brandis, A. and Morgan, R. G. and McIntyre, T. J.
                 and Jacobs, P. A. },
   TITLE     = { Nonequilibrium radiation intensity measurements in
                 simulated {Titan} atmospheres. },
   BOOKTITLE = { 26th AIAA Aerodynamic Measurement Technology and 
                 Ground Testing Conference },
   EDITOR    = {},
   YEAR      = { 2008 },
   MONTH     = { June },
   PAGES     = { Paper AIAA-2008-4136 },
   PUBLISHER = { American Institute of Astronautics and Aeronautics },
   ADDRESS   = {},
   ISBN      = {},
   ANNOTE    = {}
   }

@INPROCEEDINGS { morgan_etal_2008a,
   AUTHOR    = { Morgan, R. G. and McIntyre, T. J. and Buttsworth, D. R. and 
                 Jacobs, P. A. and Potter, D. F. and Brandis, A. M. and 
                 Gollan, R. J. and Jacobs, C. M. and Capra, B. R. and 
                 McGilvray, M. and Eichmann, T. N. },
   TITLE     = { Impulse facilities for the simulation of hypersonic radiating flows. },
   BOOKTITLE = { 38th Fluid Dynamics Conference and Exhibit },
   EDITOR    = {},
   YEAR      = { 2008 },
   MONTH     = { June },
   PAGES     = { Paper AIAA-2008-4270 },
   PUBLISHER = { American Institute of Astronautics and Aeronautics },
   ADDRESS   = {},
   ISBN      = {},
   ANNOTE    = {}
   }

@INPROCEEDINGS { jacobs_gurgenci_2008a,
   AUTHOR    = { Jacobs, P. A. and Gurgenci, H. },
   TITLE     = { A small turbomachinery laboratory for geothermal energy. },
   BOOKTITLE = { Proceedings of the Sir mark Oliphant International Frontiers 
                 of Science and Technology 
                 Australian Geothermal Energy Conference },
   EDITOR    = { Gurgenci, H. and Budd, A. R. },
   YEAR      = { 2008 },
   MONTH     = { August },
   PAGES     = { 173--175 },
   PUBLISHER = { Geoscience Australia },
   ADDRESS   = {},
   ISBN      = {ISBN 978 1 921498 19 0 },
   ANNOTE    = {}
   }

@INPROCEEDINGS { mcintyre_etal_2008a,
   AUTHOR    = { McIntyre, T. J. and  Eichmann, T. N. and Mallon, M. and Potter, D. and
                 Brandis, A. and Jacobs, C. and Morgan, R. and Jacobs, P. and Buttsworth, D. },
   TITLE     = { The generation and measurement of high temperature radiating
                 flows in a high enthalpy pulsed facility. },
   BOOKTITLE = { Proceedings of 3rd International Workshop on Radiation of High Temperature 
                 Gases in Atmospheric Entry. SP-667 },
   EDITOR    = { Lacoste, H. and Ouwehand, L. },
   YEAR      = { 2008 },
   MONTH     = { 30 September -- 3 October },
   PAGES     = {},
   PUBLISHER = { European Space Agency },
   ADDRESS   = { Forth, Heraklion, Greece },
   ISBN      = {},
   ANNOTE    = {}
   }

@INPROCEEDINGS { potter_etal_2008c,
   AUTHOR    = { Potter, D. F. and Gollan, R. J. and Jacobs, P. and Leyland, P. },
   TITLE     = { Numerical simulations and analysis of the 8.5\,km/s {CO2-N2} 
                 {EAST} shock tube condition. },
   BOOKTITLE = { Proceedings of 3rd International Workshop on Radiation of High Temperature 
                 Gases in Atmospheric Entry. SP-667 },
   EDITOR    = { Lacoste, H. and Ouwehand, L. },
   YEAR      = { 2008 },
   MONTH     = { 30 September -- 3 October },
   PAGES     = {},
   PUBLISHER = { European Space Agency },
   ADDRESS   = { Forth, Heraklion, Greece },
   ISBN      = {},
   ANNOTE    = {}
   }

@INPROCEEDINGS { brandis_etal_2008b,
   AUTHOR    = { Brandis, A. M. and McIntyre, T. J. and Morgan, R. G. and Jacobs, P. A. },
   TITLE     = { Non-equilibrium radiation intensity measurements in simulated {Titan} atmospheres. },
   BOOKTITLE = { Proceedings of 3rd International Workshop on Radiation of High Temperature 
                 Gases in Atmospheric Entry. },
   EDITOR    = { Lacoste, H. and Ouwehand, L. },
   YEAR      = { 2008 },
   MONTH     = { 30 September -- 3 October },
   PAGES     = {},
   PUBLISHER = { European Space Agency },
   ADDRESS   = { Forth, Heraklion, Greece },
   ISBN      = {},
   ANNOTE    = {}
   }


------------------- 2009 ------------------------

@INPROCEEDINGS { mcgilvray_etal_2009a,
   AUTHOR    = { McGilvray, M. and Jacobs, P. A. and Morgan, R. G. and 
                 Gollan, R. J. and Jacobs, C. M.},
   TITLE     = { Helmholtz Resonance of Pitot Pressure Measurements
                 in Impulsive Hypersonic Test Facilities. },
   BOOKTITLE = { 47th AIAA Aerospace Sciences Meeting },
   EDITOR    = {},
   YEAR      = { 2009 },
   MONTH     = { January },
   PAGES     = { Paper AIAA 2009-1157 },
   PUBLISHER = { American Institute of Astronautics and Aeronautics },
   ADDRESS   = {},
   ISBN      = {},
   ANNOTE    = {}
   }

@ARTICLE { mcgilvray_etal_2009b,
   AUTHOR    = { McGilvray, M. and Jacobs, P. A. and Morgan, R. G. and 
                 Gollan, R. J. and Jacobs, C. M.},
   TITLE     = { Helmholtz Resonance of Pitot Pressure Measurements
                 in Impulsive Hypersonic Test Facilities. },
   JOURNAL = aiaaj,
   YEAR    = { 2009 },
   VOLUME  = { 47 },
   NUMBER  = { 10 },
   PAGES   = { 2430--2439 },
   ANNOTE  = { doi:10.2514/1.42543 }
   }

@ARTICLE { mcgilvray_etal_2009c,
   AUTHOR  = { McGilvray, M. and Austin, J. M. and Sharma, M. and 
               Jacobs, P. A. and Morgan, R. G. },
   TITLE   = { Diagnostic modelling of an expansion tube operating condition. },
   JOURNAL = { Shock Waves },
   YEAR    = { 2009 },
   VOLUME  = { 19 },
   NUMBER  = { 1 },
   PAGES   = { 59--66 },
   ANNOTE  = { DOI:10.1007/s00193-009-0187-9 }
   }

@INPROCEEDINGS { mcgilvray_etal_2009d,
   AUTHOR    = { McGilvray, M. and Morgan, R. G. and Jacobs, P. A. },
   TITLE     = { Scramjet experiments in an expansion tunnel: 
                 Evaluated using a quasi-steady analysis technique. },
   BOOKTITLE = { 16th AIAA/DLR/DGLR International Space Planes and 
                 Hypersonic Systems and Technologies Conference, Bremen, Germany. },
   EDITOR    = {},
   YEAR      = { 2009 },
   MONTH     = { October },
   PAGES     = { Paper AIAA 2009-7414 },
   PUBLISHER = { American Institute of Astronautics and Aeronautics },
   ADDRESS   = {},
   ISBN      = {},
   ANNOTE    = {}
   }

@ARTICLE { tanimizu_etal_2009a,
   AUTHOR  = { Tanimizu, K. and Mee, D. J. and Stalker, R. J. and Jacobs, P. A. },
   TITLE   = { Drag force on quasi-axisymmetric scramjets at various flight 
               {Mach} numbers: Theory and experiment. },
   JOURNAL = { Shock Waves },
   YEAR    = { 2009 },
   VOLUME  = { 19 },
   NUMBER  = { 2 },
   PAGES   = { 83--93 },
   ANNOTE  = { doi:10.1007/s00193-009-0194-x }
   }

@INPROCEEDINGS { yah_leng_lim_etal_2009a,
   AUTHOR    = { Lim, Y. L. and Kliese, R. and Bertling, K. and Tanimizu, K. 
                 and Jacobs, P. A. and Rakic, A. D. },
   TITLE     = { Parallel self-mixing flow sensor using monolithic {VCSEL} array. },
   BOOKTITLE = { The 14th OptoElectronics Communications Conference },
   EDITOR    = {},
   YEAR      = { 2009 },
   MONTH     = { July },
   PAGES     = {},
   PUBLISHER = {},
   ADDRESS   = {},
   ISBN      = {},
   ANNOTE    = {}
   }

@TECHREPORT { gollan_etal_2009a,
   AUTHOR      = { Gollan, R. J. and O'Flaherty, B. T. and Jacobs, P. A.
                   and Johnston, I. A. },
   TITLE       = { Casbar User's Guide. },
   INSTITUTION = { Defence Science and Technology Organisation, 
                   Australian Government Department of Defence. },
   ADDRESS     = { Edinburgh, South Australia. },
   YEAR        = { 2009 },
   MONTH       = { November },
   TYPE        = { General Document },
   NUMBER      = { DSTO-GD-0594 },
   ANNOTE      = {}
   }

@INPROCEEDINGS { buttsworth_jacobs_2009a,
   AUTHOR    = { Buttsworth, D. R. and Jacobs, P. A. },
   TITLE     = { Premature Ignition in Scramjets with Intake Injection:
                 A Preliminary Laminar Mixing Layer Simulation. },
   BOOKTITLE = { Proceedings of the Australian Combustion Symposium 2009 },
   EDITOR    = { Klimenko, A.Y. and Cleary, M.J. and Feng, Bo and Rudolph, V. and
                 Boyce, R.R. and Wandel, A.P. and Clements, R. },
   YEAR      = { 2009 },
   MONTH     = { December },
   PAGES     = { 243--246 },
   PUBLISHER = { The University of Queensland },
   ADDRESS   = { Brisbane },
   ISBN      = { 9781864999802 },
   ANNOTE    = {}
   }

------------------- 2010 ------------------------

@TECHREPORT { chan_etal_2010a,
   AUTHOR      = { Chan, W. Y. K. and Jacobs, P. A. and Nap, P. J. and  
                   Mee, D. J. and Kirchhartz, R. M. },
   TITLE       = { The $k - \omega$ turbulence model in {Eilmer3}:
                   user guide and test cases. },
   INSTITUTION = { The University of Queensland },
   YEAR        = { 2010 },
   TYPE        = { Mechanical Engineering Report },
   NUMBER      = { 2010/01 },
   ADDRESS     = { Brisbane, Australia },
   ANNOTE      = {}
   }

@ARTICLE { kirchhartz_etal_2010a,
   AUTHOR  = { Kirchhartz, R. M. and Mee, D. J. and Stalker, R. J. and
               Jacobs, P. A. and Smart, M. K. },
   TITLE   = { Supersonic boundary layer combustion: Effects of upstream 
               entropy and shear-layer thickness. },
   JOURNAL = aiaajpp,
   YEAR    = { 2010 },
   VOLUME  = { 26 },
   NUMBER  = { 1 },
   PAGES   = { 57--66 },
   ANNOTE  = { doi: 10.2514/1.44485 }
   }

@ARTICLE { brandis_etal_2010a,
   AUTHOR  = { Brandis, A. M. and Morgan, R. G. and McIntyre, T. J. and Jacobs, P. A. },
   TITLE   = { Non-equilibrium radiation intensity measurements in simulated {Titan} atmospheres. },
   JOURNAL = { Journal of Thermophysics and Heat Transfer },
   YEAR    = { 2009 },
   VOLUME  = { 24 },
   NUMBER  = { 2 },
   PAGES   = { 291--300 },
   ANNOTE  = { journal submission of brandis_etal_2008b 20-Mar-2009 
               doi: 10.2514/1.44482 }
   }

@INPROCEEDINGS { buttsworth_etal_2010a,
   AUTHOR    = { Buttsworth, D. R. and D'Souza, M. and Potter, D. and Eichmann, T. and
                 Mudford, N. and McGilvray, M. and McIntyre, T. J. and Jacobs, P. and
                 Morgan, R. },
   TITLE     = { Expansion Tunnel Radiation Experiments to Support {Hayabusa}
                 Re-entry Observations. },
   BOOKTITLE = { 48th AIAA Aerospace Sciences Meeting },
   EDITOR    = {},
   YEAR      = { 2010 },
   MONTH     = { January },
   PAGES     = { AIAA-2010-634 },
   PUBLISHER = { Americal Institute of Aeronautics and Astronautics },
   ADDRESS   = {},
   ISBN      = {},
   ANNOTE    = {}
   }

@TECHREPORT { jacobs_gollan_2010a,
   AUTHOR      = { Jacobs, P. A. and Gollan, R. J. },
   TITLE       = { The {Eilmer3} Code: User Guide and Example Book. },
   INSTITUTION = { The University of Queensland },
   YEAR        = { 2010 },
   TYPE        = { Mechanical Engineering Report },
   NUMBER      = { 2008/07  },
   ADDRESS     = { Brisbane, Australia },
   ANNOTE      = {  http://espace.library.uq.edu.au/view/UQ:323601 }
   }

@TECHREPORT { rowlands_etal_2010a,
   AUTHOR      = { Rowlands, A. and Jacobs, P. and Singh, R. },
   TITLE       = { {MODBUS} {RTU} compatible multichannel data acquisition and control system. },
   INSTITUTION = { Queensland Geothermal Energy Centre of Excellence, 
                   The University of Queensland },
   ADDRESS     = { Brisbane, Australia. },
   YEAR        = { 2010 },
   MONTH       = { January },
   TYPE        = { Technical Report },
   NUMBER      = { 2010/02 },
   ANNOTE      = {}
   }

@INPROCEEDINGS { jacobs_etal_2010a,
   AUTHOR    = { Jacobs, P. A. and Gollan, R. J. and Potter, D. F. and
                 Gildfind, D. E. and Eichmann, T. N. and O'Flaherty, B. T. },
   TITLE     = { {CFD} Tools for Design and Simulation of Transient Flows in
                 Hypersonic Facilities. },
   BOOKTITLE = { RTO-AVT-VKI Lecture Series 2010-AVT186 Aerothermodynamic
                 Design, Review on Ground Testing and CFD. },
   EDITOR    = { Chazot, O. and Bensassi, K. },
   YEAR      = { 2010 },
   MONTH     = { April },
   PAGES     = {},
   PUBLISHER = { von Karman Institute for Fluid Dynamics },
   ADDRESS   = { Belgium },
   ISBN      = { 978-92-837-0121-7 },
   ANNOTE    = {}
   }

@ARTICLE { mcgilvray_etal_2010a,
   AUTHOR    = { McGilvray, M. and Morgan, R. G. and Jacobs, P. A. },
   TITLE     = { Scramjet experiments in an expansion tunnel: 
                 Evaluated using a quasi-steady analysis technique. },
   JOURNAL = aiaaj,
   YEAR    = { 2010 },
   VOLUME  = { 48 },
   NUMBER  = { 8 },
   PAGES   = { 1635--1646 },
   ANNOTE  = { journal submission of mcgilvray_etal_2009d
               doi: 10.2514/1.51257 }
   }

@TECHREPORT { jacobs_etal_2010b,
   AUTHOR      = { Jacobs, P. A. and Gollan, R. J. and Denman, A. J. and 
                   O'Flaherty, B. T. and Potter, D. F. and Petrie-Repar, P. J. and
                   Johnston, I. A. },
   TITLE       = { Eilmer's Theory Book: Basic Models for Gas Dynamics and Thermochemistry. },
   INSTITUTION = { The University of Queensland },
   YEAR        = { 2010 },
   TYPE        = { Mechanical Engineering Report },
   NUMBER      = { 2010/09 },
   ADDRESS     = { Brisbane, Australia },
   ANNOTE      = { http://espace.library.uq.edu.au/view/UQ:323600 }
   }

@ARTICLE { lim_etal_2010a,
   AUTHOR  = { Lim, Yah Leng. and Kliese, Russell and Bertling, Karl and
               Tanimizu, Katsuyoshi and Jacobs, P. A. and Rakic, Aleksander D. },
   TITLE   = { Self-mixing flow sensor using a monolithic VCSEL array with parallel readout },
   JOURNAL = { Optics Express },
   YEAR    = { 2010 },
   VOLUME  = { 18 },
   NUMBER  = { 11 },
   PAGES   = { 11720--11727 },
   ANNOTE  = { http://www.opticsinfobase.org/oe/abstract.cfm?URI=oe-18-11-11720 }
   }

@ARTICLE { dsouza_etal_2010a,
   AUTHOR  = { D'Souza, Mary G. and Eichmann, Troy N. and
               Potter, Daniel F. and Morgan, Richard, G. and McIntyre, Timothy J. and
               Jacobs, Peter A. and Mudford, Neil R. },
   TITLE   = { Observation of an Ablating Surface in Expansion Tunnel Flow. },
   JOURNAL = aiaaj,
   YEAR    = { 2010 },
   VOLUME  = { 48 },
   NUMBER  = { 7 },
   PAGES   = { 1557--1560 },
   ANNOTE  = { doi: 10.2514/1.50856 }
   }

@ARTICLE { dann_etal_2010a,
   AUTHOR  = { Dann, A. G. and Morgan, R. G. and Jacobs, P. A. },
   TITLE   = { Experimental investigation of shock wave/boundary layer interactions in
               hypersonic ducted flows. },
   JOURNAL = aiaaj,
   YEAR    = { 2010 },
   VOLUME  = { submitted May },
   NUMBER  = {},
   PAGES   = {},
   ANNOTE  = {}
   }

@INPROCEEDINGS { ventura_etal_2010a,
   AUTHOR    = { Ventura, Carlos and Sauret, Emilie and Jacobs, Peter and Petrie-Repar, Paul
                 and Gollan, Rowan and van der Laan, Paul },
   TITLE     = { Adaption and use of a compressible flow solver for turbomachinery design. },
   BOOKTITLE = { {V} European Conference on Computational Fluid Dynamics ECCOMAS CFD 2010 },
   EDITOR    = { Pereira,  J. C. F. and Sequeira, A. },
   YEAR      = { 2010 },
   MONTH     = { June },
   PAGES     = {},
   PUBLISHER = {},
   ADDRESS   = {},
   ISBN      = {},
   ANNOTE    = {}
   }

@INPROCEEDINGS { potter_etal_2010a,
   AUTHOR    = { Potter, D. and D'Souza, M. and Morgan, R. and Jacobs, P. },
   TITLE     = { Modelling of an expansion tunnel experiment simulating re-entry of the
                 {Hayabusa} probe. },
   BOOKTITLE = { Proceedings of the 4th International Workshop on Radiation 
                 of High Temperature Gases in Atmospheric Entry. },
   EDITOR    = { Lacoste, H. and Ouwehand, L. },
   YEAR      = { 2010 },
   MONTH     = { September },
   PAGES     = {},
   PUBLISHER = { European Space Agency },
   ADDRESS   = { Lausanne, Switzerland },
   ISBN      = {},
   ANNOTE    = {}
   }

@INPROCEEDINGS { mcintyre_etal_2010a,
   AUTHOR    = { McIntyre, Timothy J. and Eichmann, Troy N. and Jacobs, Carolyn and
                 Potter, Daniel and McGilvray, Matthew and Jacobs, Peter and Morgan, Richard },
   TITLE     = { Shock tube and expansion tunnel measurements 
                 of high temperature radiating flows. },
   BOOKTITLE = { Proceedings of the 4th International Workshop on Radiation 
                 of High Temperature Gases in Atmospheric Entry. },
   EDITOR    = { Lacoste, H. and Ouwehand, L. },
   YEAR      = { 2010 },
   MONTH     = { September },
   PAGES     = {},
   PUBLISHER = { European Space Agency },
   ADDRESS   = { Lausanne, Switzerland },
   ISBN      = {},
   ANNOTE    = {}
   }

@INPROCEEDINGS { gildfind_etal_2010a,
   AUTHOR    = { Gildfind, D. E. and Morgan, R. G. and McGilvray, M. and Jacobs, P. A. 
                 and Eichmann, T. and Stalker, R. J. and Teakle, P. },
   TITLE     = { Design of lightweight pistons for the {X2} and {X3} expansion tube 
                 free-piston drivers. },
   BOOKTITLE = { 17th Australasian Fluid Mechanics Conference },
   EDITOR    = {},
   YEAR      = { 2010 },
   MONTH     = { December },
   PAGES     = { Paper 170 },
   PUBLISHER = {},
   ADDRESS   = { Auckland, New Zealand. },
   ISBN      = {},
   ANNOTE    = {}
   }

@INPROCEEDINGS { wheatley_jacobs_2010a,
   AUTHOR    = { Wheatley, V. and Jacobs, P. A. },
   TITLE     = { Fuel injection via rectangular cross-section injectors 
                 for mixing enhancement in scramjets. },
   BOOKTITLE = { 17th Australasian Fluid Mechanics Conference },
   EDITOR    = {},
   YEAR      = { 2010 },
   MONTH     = { December },
   PAGES     = { Paper 249 },
   PUBLISHER = {},
   ADDRESS   = { Auckland, New Zealand. },
   ISBN      = {},
   ANNOTE    = {}
   }

@INPROCEEDINGS { singh_etal_2010a,
   AUTHOR    = { Singh, R. and Jacobs, P. A. },
   TITLE     = { Dynamic model development of a {Brayton}-cycle based power-loop 
                 for a geothermal power plant. },
   BOOKTITLE = { 17th Australasian Fluid Mechanics Conference },
   EDITOR    = {},
   YEAR      = { 2010 },
   MONTH     = { December },
   PAGES     = { Paper 358 },
   PUBLISHER = {},
   ADDRESS   = { Auckland, New Zealand. },
   ISBN      = {},
   ANNOTE    = { Raj's presentation only, no paper }
   }

------------------- 2011 ------------------------

@ARTICLE { tanimizu_etal_2011a,
   AUTHOR  = { Tanimizu, K. and Mee, D. J. and Stalker, R. J. and Jacobs, P. A. },
   TITLE   = { Thrust nozzle design study for a quasi-axisymmetric scramjet-powered vehicle. },
   JOURNAL = aiaajpp,
   YEAR    = { 2011 },
   VOLUME  = { 27 },
   NUMBER  = { 1 },
   PAGES   = { 40--49 },
   ANNOTE  = { doi: 10.2514/1.48586 }
   }

@INPROCEEDINGS { zander_etal_2011a,
   AUTHOR    = { Zander, F. and Jacobs, P. A. and Gollan, R. J. and
                 Chan, W. Y. K. and Kirchhartz, R. M. },
   TITLE     = { Implementation of a space-marching solver in {Eilmer3}. },
   BOOKTITLE = { 11th International Workshop on Shock Tube Technology },
   EDITOR    = { D.R. Buttsworth },
   YEAR      = { 2011 },
   MONTH     = { March },
   PAGES     = {},
   PUBLISHER = {},
   ADDRESS   = {},
   ISBN      = {},
   ANNOTE    = { presentation }
   }

@INPROCEEDINGS { jacobs_etal_2011a,
   AUTHOR    = { Jacobs, P. A. and Gollan, R. J. and Zander, F. },
   TITLE     = { Still using {NENZF}? That’s so 1960s. },
   BOOKTITLE = { 11th International Workshop on Shock Tube Technology },
   EDITOR    = { D.R. Buttsworth },
   YEAR      = { 2011 },
   MONTH     = { March },
   PAGES     = {},
   PUBLISHER = {},
   ADDRESS   = {},
   ISBN      = {},
   ANNOTE    = { presentation }
   }

@TECHREPORT { jacobs_etal_2011b,
   AUTHOR      = { Jacobs, P. A. and Gollan, R. J. and Potter, D. F. and 
                   Zander, F. and Gildfind, D. E. and Blyton, P.
                   Chan, W. Y. K. and Doherty, L. },
   TITLE       = { Estimation of high-enthalpy flow conditions
                   for simple shock and expansion processes using
                   the {ESTCj} program and library. },
   INSTITUTION = { The University of Queensland },
   YEAR        = { 2011 },
   TYPE        = { Mechanical Engineering Report },
   NUMBER      = { 2011/02 },
   ADDRESS     = { Brisbane, Australia },
   ANNOTE      = { ESTCj and cea2_gas.py 
                   http://espace.library.uq.edu.au/view/UQ:321755 }
   }

@TECHREPORT { zander_etal_2011b,
   AUTHOR      = { Zander, F. and Jacobs, P. A. and Gollan, R. J. and  
                   Chan, W. Y. K. and Kirchhartz, R. M. },
   TITLE       = { Space marching in {Eilmer3}: user guide and test cases. },
   INSTITUTION = { The University of Queensland },
   YEAR        = { 2011 },
   TYPE        = { Mechanical Engineering Report },
   NUMBER      = { 2011/03 },
   ADDRESS     = { Brisbane, Australia },
   ANNOTE      = {}
   }

@TECHREPORT { jacobs_2011a,
   AUTHOR      = { Jacobs, P. A. },
   TITLE       = { A microcontroller-based delay generator
                   for predicting shock arrival in the {X2} expansion tube. },
   INSTITUTION = { The University of Queensland },
   YEAR        = { 2011 },
   TYPE        = { Mechanical Engineering Report },
   NUMBER      = { 2011/05 },
   ADDRESS     = { Brisbane, Australia },
   ANNOTE      = { http://espace.library.uq.edu.au/view/UQ:321760 }
   }

@TECHREPORT { jacobs_2011b,
   AUTHOR      = { Jacobs, P. A. },
   TITLE       = { A digital timing box for synchronising a {Spectraphysics Nd:YAG}
                   laser with expansion tube flow. },
   INSTITUTION = { The University of Queensland },
   YEAR        = { 2011 },
   TYPE        = { Mechanical Engineering Report },
   NUMBER      = { 2011/06 },
   ADDRESS     = { Brisbane, Australia },
   ANNOTE      = { http://espace.library.uq.edu.au/view/UQ:321762 }
   }

@INPROCEEDINGS { singh_etal_2011a,
   AUTHOR    = { Singh, R. and Rowlands, A. S. and Jacobs, P. A. },
   TITLE     = { Dynamic characteristics and perspectives on control 
                 of a supercritical-{CO2} closed cycle {Brayton}-cycle 
                 power-loop in a geothermal power plant. },
   BOOKTITLE = { Supercritical {CO2} Power Cycle Symposium },
   EDITOR    = {},
   YEAR      = { 2011 },
   MONTH     = { May },
   PAGES     = {},
   PUBLISHER = {},
   ADDRESS   = { Boulder, Colorado },
   ISBN      = {},
   ANNOTE    = {}
   }

@INPROCEEDINGS { gollan_jacobs_2011a,
   AUTHOR    = { Gollan, R. J. and Jacobs, P. A. },
   TITLE     = { On the validation of a hypersonic flow solver using measurements 
                 of shock detachment distance. },
   BOOKTITLE = { 28th International Symposium on Shock Waves },
   EDITOR    = {},
   YEAR      = { 2011 },
   MONTH     = { July },
   PAGES     = { Paper-2725 },
   PUBLISHER = {},
   ADDRESS   = {},
   ISBN      = {},
   ANNOTE    = {}
   }

@INPROCEEDINGS { buttsworth_etal_2011a,
   AUTHOR    = { Buttsworth, D. R. and Jacobs, P. A. and Potter, D. and 
                 Mudford, D. and D'Souza, M. and Eichmann, T. and 
                 Morgan, R. G. and Jenniskens, P. and McIntyre, T. J. and 
                 Jokic, M. and Jacobs, C. M. and Upcroft, B. and 
                 Khan, R. and Porat, H. and Neely, A. },
   TITLE     = { Super-orbital re-entry in {Australia} -- laboratory measurement,
                 simulation and flight observation. },
   BOOKTITLE = { 28th International Symposium on Shock Waves },
   EDITOR    = {},
   YEAR      = { 2011 },
   MONTH     = { July },
   PAGES     = {},
   PUBLISHER = {},
   ADDRESS   = {},
   ISBN      = {},
   ANNOTE    = {}
   }

@INPROCEEDINGS { mcgilvray_etal_2011a,
   AUTHOR    = { McGilvray, M. and Dann, A. G. and Jacobs, P. A. },
   TITLE     = { Modeling the complete operation of a free-piston shock tunnel
                 for a low enthalpy condition. },
   BOOKTITLE = { 28th International Symposium on Shock Waves },
   EDITOR    = {},
   YEAR      = { 2011 },
   MONTH     = { July },
   PAGES     = {},
   PUBLISHER = {},
   ADDRESS   = {},
   ISBN      = {},
   ANNOTE    = {}
   }

@INPROCEEDINGS { gildfind_etal_2011a,
   AUTHOR    = { Gildfind, D. E. and Morgan, R. G. and McGilvray, M. and 
                 Jacobs, P. A. },
   TITLE     = { High {Mach} number and total pressure conditions 
                 for scramjet testing. },
   BOOKTITLE = { 28th International Symposium on Shock Waves },
   EDITOR    = {},
   YEAR      = { 2011 },
   MONTH     = { July },
   PAGES     = {},
   PUBLISHER = {},
   ADDRESS   = {},
   ISBN      = {},
   ANNOTE    = {}
   }

@INPROCEEDINGS { gildfind_etal_2011b,
   AUTHOR    = { Gildfind, D. E. and Morgan, R. G. and McGilvray, M. and 
                 Jacobs, P. A. and Stalker, R. J. and Eichmann, T. N. },
   TITLE     = { Free-piston driver optimisation for simulation of high {Mach}
                 number scramjet flow conditions. },
   BOOKTITLE = { 28th International Symposium on Shock Waves },
   EDITOR    = {},
   YEAR      = { 2011 },
   MONTH     = { July },
   PAGES     = {},
   PUBLISHER = {},
   ADDRESS   = {},
   ISBN      = {},
   ANNOTE    = {}
   }

@ARTICLE { gildfind_etal_2011c,
   AUTHOR  = { Gildfind, D. E. and Morgan, R. G. and McGilvray, M. and 
               Jacobs, P. A. and Stalker, R. J. and Eichmann, T. N. },
   TITLE   = { Free-piston driver optimisation for simulation of high {Mach}
               number scramjet flow conditions. },
   JOURNAL = { Shock Waves },
   YEAR    = { 2011 },
   VOLUME  = { 21 },
   NUMBER  = { 6 },
   PAGES   = { 559-572 },
   ANNOTE  = { expanded version of gildfind_etal_2011b }
   }

@ARTICLE { chan_etal_2011a,
   AUTHOR  = { Chan, W. Y. K. and Jacobs, P. A. and Mee, D. J. },
   TITLE   = { Suitability of the $k-\omega$ turbulence model 
               for scramjet flowfield simulations. },
   JOURNAL = { International Journal for Numerical Methods in Fluids },
   YEAR    = { 2011 },
   VOLUME  = { Wiley Online Library },
   NUMBER  = { DOI: 10.1002/fld.2699 },
   PAGES   = {},
   ANNOTE  = {}
   }

@TECHREPORT { jacobs_etal_2011c,
   AUTHOR      = { Jacobs, Peter and Petrie-Repar, Paul and de Miranda Ventura, Carlos and
                   Sauret, Emilie and Czapla, Jason and Blyton, Peter and Rijkers, Haiko and
                   van der Laan, Paul },
   TITLE       = { Turbine Simulations with Eilmer3. },
   INSTITUTION = { The University of Queensland },
   ADDRESS     = { Brisbane },
   YEAR        = { 2011 },
   MONTH       = { },
   TYPE        = { School of Mechanical and Mining Engineering Technical Report },
   NUMBER      = { 2011/07 },
   ANNOTE      = {}
   }

------------------- 2012 ------------------------

@ARTICLE { ventura_etal_2012a,
   AUTHOR  = { Ventura, Carlos A. and Jacobs, Peter A. and Petrie-Repar, Paul and
               Sauret, Emilie and Rowlands, Andrew S. },
   TITLE   = { Preliminary Design and Performance Estimation of Radial Inflow Turbines:
               an Automated Approach },
   JOURNAL = { ASME Journal of Fluids Engineering },
   YEAR    = { 2012 },
   VOLUME  = { 134 },
   NUMBER  = { 3 },
   PAGES   = { 031102-1 -- 031102-13 },
   ANNOTE  = { DOI: 10.1115/1.4006174 }
   }

@ARTICLE { twomey_etal_2012a,
   AUTHOR  = { Twomey, B. and Jacobs, P. A. and Gurgenci, H. },
   TITLE   = { Dynamic performance estimation of a small-scale solar
               cogeneration unit using a scroll expander. },
   JOURNAL = { Applied Thermal Engineering },
   YEAR    = { 2012 },
   VOLUME  = { },
   NUMBER  = {},
   PAGES   = {},
   ANNOTE  = { DOI: 10.1016/j.applthermaleng.2012.06.054 }
   }

@ARTICLE { mcgilvray_etal_2012a,
   AUTHOR  = { McGilvray, Matthew and Dann, Andrew G. and Jacobs, Peter A. },
   TITLE   = { Modeling the complete operation of a free-piston shock tunnel 
               for a low enthalpy condition. },
   JOURNAL = { Shock Waves - An International Journal on Shock Waves, Detonations and Explosions. },
   YEAR    = { 2013 },
   VOLUME  = { accepted },
   NUMBER  = {},
   PAGES   = {},
   ANNOTE  = { manuscript number, SHOC515R3 
               This entry is a copy of mcgilvray_etal_2013a. }
   }

@TECHREPORT { jacobs_2012a,
   AUTHOR      = { Jacobs, P. A. },
   TITLE       = { Voltmeter on a long wire: a prototype CANbus node for lab automation. },
   INSTITUTION = { The University of Queensland },
   ADDRESS     = { Brisbane },
   YEAR        = { 2012 },
   MONTH       = { February },
   TYPE        = { School of Mechanical and Mining Engineering Technical Report },
   NUMBER      = { 2012/01 },
   ANNOTE      = {}
   }

@TECHREPORT { gollan_etal_2012a,
   AUTHOR      = { Gollan, Rowan J. and O'Flaherty, Brendan F. and Potter, Daniel F. and
                   Blyton, Peter J. and Jacobs, Peter A. },
   TITLE       = { A Library of Gas Models for Compressible Flow {CFD}:
                   Theory and User's Guide. },
   INSTITUTION = { The University of Queensland },
   ADDRESS     = { Brisbane },
   YEAR        = { 2012 },
   MONTH       = { March },
   TYPE        = { School of Mechanical and Mining Engineering Technical Report },
   NUMBER      = { 2012/xx },
   ANNOTE      = {}
   }

@TECHREPORT { doherty_etal_2012a,
   AUTHOR      = { Doherty, L. and Chan, W. Y. K. and Jacobs, P. A. and Zander, F.
                    and Kirchhartz, R. M. and Gollan, R. J. },
   TITLE       = { NENZFr: Non-Equilibrium Nozzle Flow, Reloaded. },
   INSTITUTION = { The University of Queensland },
   ADDRESS     = { Brisbane },
   YEAR        = { 2012 },
   MONTH       = { June },
   TYPE        = { School of Mechanical and Mining Engineering Technical Report },
   NUMBER      = { 2012/08 },
   ANNOTE      = {}
   }

@ARTICLE { tanimizu_etal_2012a,
   AUTHOR  = { Tanimizu, Katsuyoshi and Mee, David J. and 
               Stalker, Raymond J. and Jacobs, Peter A.},
   TITLE   = { Nozzle design study for a quasi-axisymmetric scramjet-powered 
               vehicle at {Mach} 7.9 flight conditions. },
   JOURNAL = { Shock Waves },
   YEAR    = { 2012 },
   VOLUME  = { submitted },
   NUMBER  = {},
   PAGES   = {},
   ANNOTE  = {}
   }

@INPROCEEDINGS { zander_etal_2012a,
   AUTHOR    = { Zander, F. and Jacobs, P. A. and Sheikh, U. A. and 
                 Buttsworth, D. R. and Morgan, R. G. },
   TITLE     = { High Speed Imaging of {X2} Expansion Tube Flows. },
   BOOKTITLE = { 30th International Congress on High-Speed Imaging and Photonics },
   EDITOR    = {},
   YEAR      = { 2012 },
   MONTH     = { September },
   PAGES     = {},
   PUBLISHER = {},
   ADDRESS   = { Pretoria, South Africa },
   ISBN      = {},
   ANNOTE    = {}
   }

@INPROCEEDINGS { gildfind_etal_2012a,
   AUTHOR    = { Gildfind, David and Morgan, Richard and McGilvray, Matthew and
                 Jacobs, Peter },
   TITLE     = { Simulation of High {Mach} Number Scramjet Flow Conditions
                 using the {X2} Expansion Tube. },
   BOOKTITLE = { 18th AIAA/3AF International Space Planes and 
                 Hypersonic Systems and Technologies Conference },
   EDITOR    = {},
   YEAR      = { 2012 },
   MONTH     = { September },
   PAGES     = { },
   PUBLISHER = {},
   ADDRESS   = { Tours, France },
   ISBN      = {},
   ANNOTE    = { Control Id: 1393087 }
   }

@INPROCEEDINGS { zander_etal_2012b,
   AUTHOR    = { Zander, Fabian and Molder, Sannu and Morgan, Richard and 
                 Jacobs, Peter and Gollan, Rowan },
   TITLE     = { High Temperature Gas Effects for Converging Conical Shocks. },
   BOOKTITLE = { 18th AIAA/3AF International Space Planes and 
                 Hypersonic Systems and Technologies Conference. },
   EDITOR    = {},
   YEAR      = { 2012 },
   MONTH     = { September },
   PAGES     = { },
   PUBLISHER = {},
   ADDRESS   = { Tours, France },
   ISBN      = {},
   ANNOTE    = { Control Id: 1392940 }
   }

@INPROCEEDINGS { jacobs_etal_2012b,
   AUTHOR    = { Jacobs, PA and Petrie-Repar, PJ and de Miranda Ventura, C and
                 Czapla, J and Blyton, P and Gollan, RJ },
   TITLE     = { Adaption and Validation of a {CFD} Code for Turbomachinery Calculations. },
   BOOKTITLE = { 18th Australasian Fluid Mechanics Conference },
   EDITOR    = {},
   YEAR      = { 2012 },
   MONTH     = { December },
   PAGES     = {},
   PUBLISHER = {},
   ADDRESS   = { Launceston, Tasmania. },
   ISBN      = {},
   ANNOTE    = { Withdrawn }
   }

@INPROCEEDINGS { zander_etal_2012c,
   AUTHOR    = { Zander, F and Jacobs, PA and Sheikh, UA and Morgan, RG },
   TITLE     = { High speed imaging of spherical shock standoff in hypervelocity flows. },
   BOOKTITLE = { 18th Australasian Fluid Mechanics Conference },
   EDITOR    = {},
   YEAR      = { 2012 },
   MONTH     = { December },
   PAGES     = {},
   PUBLISHER = {},
   ADDRESS   = { Launceston, Tasmania. },
   ISBN      = {},
   ANNOTE    = {}
   }

@INPROCEEDINGS { gollan_jacobs_2012a,
   AUTHOR    = { Gollan, RJ and Jacobs, PA },
   TITLE     = { Verification of a hypersonic flow solver. },
   BOOKTITLE = { 18th Australasian Fluid Mechanics Conference },
   EDITOR    = {},
   YEAR      = { 2012 },
   MONTH     = { December },
   PAGES     = {},
   PUBLISHER = {},
   ADDRESS   = { Launceston, Tasmania. },
   ISBN      = {},
   ANNOTE    = {}
   }

@INPROCEEDINGS { sancho_etal_2012a,
   AUTHOR    = { Sancho, J and Gildfind, DE and Jacobs, PA and Morgan, RG },
   TITLE     = { Towards the full {CFD} Simulation of Expansion Tubes. },
   BOOKTITLE = { 18th Australasian Fluid Mechanics Conference },
   EDITOR    = {},
   YEAR      = { 2012 },
   MONTH     = { December },
   PAGES     = {},
   PUBLISHER = {},
   ADDRESS   = { Launceston, Tasmania. },
   ISBN      = {},
   ANNOTE    = {}
   }

@INPROCEEDINGS { dann_etal_2012a,
   AUTHOR    = { Dann, A and Gildfind, D and Morgan, RG and 
                 McGilvray, M and Jacobs, PA },
   TITLE     = { Upgrade of the {X3} Super-orbital Expansion Tube. },
   BOOKTITLE = { 18th Australasian Fluid Mechanics Conference },
   EDITOR    = {},
   YEAR      = { 2012 },
   MONTH     = { December },
   PAGES     = { Paper 126 },
   PUBLISHER = {},
   ADDRESS   = { Launceston, Tasmania. },
   ISBN      = {},
   ANNOTE    = {}
   }

@TECHREPORT { jacobs_2012b,
   AUTHOR      = { Jacobs, P. A. },
   TITLE       = { A Tutorial Guide to Programming {PIC18} Microcontrollers
                   with {FlashForth}. },
   INSTITUTION = { The University of Queensland },
   ADDRESS     = { Brisbane },
   YEAR        = { 2012 },
   MONTH       = { May-October },
   TYPE        = { School of Mechanical and Mining Engineering Technical Report },
   NUMBER      = { 2012/05 },
   ANNOTE      = { http://espace.library.uq.edu.au/view/UQ:321890 }
   }

@TECHREPORT { jacobs_2012c,
   AUTHOR      = { Jacobs, P. A. },
   TITLE       = { Hitchhiker's Guide to {FlashForth} on {PIC18} Microcontrollers. },
   INSTITUTION = { The University of Queensland },
   ADDRESS     = { Brisbane },
   YEAR        = { 2012 },
   MONTH       = { May-October },
   TYPE        = { School of Mechanical and Mining Engineering Technical Report },
   NUMBER      = { 2012/06 },
   ANNOTE      = { http://espace.library.uq.edu.au/view/UQ:321861 }
   }

@TECHREPORT { jacobs_2012d,
   AUTHOR      = { Jacobs, P. A. },
   TITLE       = { X3 Fuel Trigger and Delay Timer. },
   INSTITUTION = { The University of Queensland },
   ADDRESS     = { Brisbane },
   YEAR        = { 2012 },
   MONTH       = { October },
   TYPE        = { School of Mechanical and Mining Engineering Technical Report },
   NUMBER      = { 2012/07 },
   ANNOTE      = { http://espace.library.uq.edu.au/view/UQ:321768 }
   }

@ARTICLE { gildfind_etal_2012b,
   AUTHOR    = { Gildfind, David and Morgan, Richard and McGilvray, Matthew and
                 Jacobs, Peter },
   TITLE     = { Simulation of High {Mach} Number Scramjet Flow Conditions
                 using the {X2} Expansion Tube. },
   JOURNAL = aiaaj,
   YEAR    = { 2012 },
   VOLUME  = { submitted },
   NUMBER  = {},
   PAGES   = {},
   ANNOTE  = { Manuscript ID: 2012-10-J052383 
               updated version of conference paper gildfind_etal_2012a }
   }

@INPROCEEDINGS { zander_etal_2012d,
   AUTHOR    = { Zander, Fabian and Morgan, Richard and Molder, Sannu and Jacobs, Peter
                 and Gollan, Rowan and Porat, Hadas and McIntyre, Timothy J. },
   TITLE     = { Mach disk platform for studying radiating flows. },
   BOOKTITLE = { 5th International Workshop on Radiation 
                 of High Temperature Gases in Atmospheric Entry,
                 Barcelona, Spain. },
   EDITOR    = {  },
   YEAR      = { 2012 },
   MONTH     = { October },
   PAGES     = {},
   PUBLISHER = { European Space Agency },
   ADDRESS   = {  },
   ISBN      = {},
   ANNOTE    = {}
   }

------------------- 2013 ------------------------

@ARTICLE { singh_etal_2013a,
   AUTHOR  = { Singh, R. and Miller, S. A. and Rowlands, A. S. and Jacobs, P. A. },
   TITLE   = { Dynamic characteristics of a direct-heated supercritical carbon-dioxide 
               {Brayton} cycle in a solar-thermal power plant. },
   JOURNAL = { Energy },
   YEAR    = { 2013 },
   VOLUME  = { 50 },
   NUMBER  = { 1 },
   PAGES   = { 194--204 },
   ANNOTE  = { http://dx.doi.org/10.1016/j.energy.2012.11.029 }
   }

@ARTICLE { mcgilvray_etal_2013a,
   AUTHOR  = { McGilvray, Matthew and Dann, Andrew G. and Jacobs, Peter A. },
   TITLE   = { Modelling the complete operation of a free-piston shock tunnel 
               for a low enthalpy condition. },
   JOURNAL = { Shock Waves - An International Journal on Shock Waves, Detonations and Explosions. },
   YEAR    = { 2013 },
   VOLUME  = { 23 },
   NUMBER  = { 4 },
   PAGES   = { 399--406 },
   ANNOTE  = { manuscript number, SHOC515R3 
               This entry is a copy of mcgilvray_etal_2012a. 
               DOI:10.1007/s00193-013-0437-8 }
   }

@ARTICLE { gollan_jacobs_2013a,
   AUTHOR  = { Gollan, R. J. and Jacobs, P. A. },
   TITLE   = { About the formulation, verification and validation of the
               hypersonic flow solver {Eilmer}. },
   JOURNAL = { International Journal for Numerical Methods in Fluids },
   YEAR    = { 2013 },
   VOLUME  = { Wiley Online Library },
   NUMBER  = { DOI: 10.1002/fld.3790 },
   PAGES   = {},
   ANNOTE  = { 2012 Manuscript Id: FLD-12-0459 }
   }

@TECHREPORT { chan_etal_2013a,
   AUTHOR      = { Chan, W. Y. K. and Smart, M. K. and Jacobs, P. A. },
   TITLE       = { Flowpath design of an axisymmetric {Mach} 7.0 nozzle for {T4}. },
   INSTITUTION = { The University of Queensland },
   ADDRESS     = { Brisbane },
   YEAR        = { 2013 },
   MONTH       = { January },
   TYPE        = { School of Mechanical and Mining Engineering Technical Report },
   NUMBER      = { 2013/02 },
   ANNOTE      = {}
   }

@TECHREPORT { jacobs_2013a,
   AUTHOR      = { Jacobs, P. A. },
   TITLE       = { A microcontroller-based digital recorder for transient data acquisition. },
   INSTITUTION = { The University of Queensland },
   ADDRESS     = { Brisbane },
   YEAR        = { 2013 },
   MONTH       = { February },
   TYPE        = { School of Mechanical and Mining Engineering Technical Report },
   NUMBER      = { 2013/03 },
   ANNOTE      = { http://espace.library.uq.edu.au/view/UQ:321757 }
   }

@ARTICLE { gildfind_etal_2013a,
   AUTHOR    = { Gildfind, D. E. and Morgan, R. G. and Jacobs, P. A. },
   TITLE     = { Vibration isolation in a free-piston driven expansion tube facility. },
   JOURNAL = { Shock Waves - An International Journal on Shock Waves, Detonations and Explosions. },
   YEAR    = { 2013 },
   VOLUME  = { Online First },
   NUMBER  = { DOI 10.1007/s00193-013-0433-z },
   PAGES   = {},
   ANNOTE  = { Manuscript ID: 2012-10-J052383 
               updated version of conference paper gildfind_etal_2012a }
   }

@ARTICLE { zander_etal_2013a,
   AUTHOR  = { Zander, F. and Gollan, R. J. and Jacobs, P. A. and Morgan, R. G. },
   TITLE   = { Hypervelocity shock standoff on spheres in air. },
   JOURNAL = { Shock Waves },
   YEAR    = { 2013 },
   VOLUME  = { DOI: 10.1007/s00193-013-0488-x },
   NUMBER  = {},
   PAGES   = {},
   ANNOTE  = {}
   }

@INPROCEEDINGS { zander_etal_2013b,
   AUTHOR    = { Zander, F. and Jacobs, P.A. and Gollan, R.J. and Morgan, R.G. },
   TITLE     = { Shock Standoff on Hemi-Spherical Bodies in Hypervelocity Flows. },
   BOOKTITLE = { 29th International Symposium on Shock Waves },
   EDITOR    = {},
   YEAR      = { 2013 },
   MONTH     = { July },
   PAGES     = { Paper 46 },
   PUBLISHER = {},
   ADDRESS   = { Madison, Wisconsin },
   ISBN      = {},
   ANNOTE    = {}
   }

@INPROCEEDINGS { jacobs_etal_2013a,
   AUTHOR    = { Jacobs, Peter and Morgan, Richard and Brandis, Aaron and Buttsworth, David
                 and Dann, Andrew and D’Souza, Mary and Eichmann, Troy and Gildfind, David
                 and Gollan, Rowan and Jacobs, Carolyn and McGilvray, Matthew and
                 and McIntyre, Tim and Mudford, Neil and Porat, Hadas and Potter, Dan 
                 and Zander, Fabian },
   TITLE     = { Design, Operation and Testing in Expansion Tube Facilities
                 for Super-Orbital Re-entry. },
   BOOKTITLE = { STO-AVT-VKI Lecture Series 2013-AVT-218 Radiation and Gas-Surface
                 Interaction Phenomena in High Speed Re-Entry },
   EDITOR    = { Chazot, O. and Magin, T. },
   YEAR      = { 2013 },
   MONTH     = { May },
   PAGES     = {},
   PUBLISHER = { von Karman Institute for Fluid Dynamics },
   ADDRESS   = { Belgium },
   ISBN      = { },
   ANNOTE    = { http://espace.library.uq.edu.au/view/UQ:326742 }
   }

@TECHREPORT { jacobs_etal_2013b,
   AUTHOR      = { Jacobs, Peter and Zawasky, Peter and Nordman, Mikael },
   TITLE       = { Elements of {FlashForth}. },
   INSTITUTION = { The University of Queensland },
   ADDRESS     = { Brisbane },
   YEAR        = { 2013 },
   MONTH       = { May },
   TYPE        = { School of Mechanical and Mining Engineering Technical Report },
   NUMBER      = { 2013/08 },
   ANNOTE      = { Report number allocated by Rose. 
                   http://espace.library.uq.edu.au/view/UQ:321883 }
   }

@TECHREPORT { jacobs_2013c,
   AUTHOR      = { Jacobs, Peter A. },
   TITLE       = { A programmable pulsed-light source using a light-emitting diode. },
   INSTITUTION = { The University of Queensland },
   ADDRESS     = { Brisbane },
   YEAR        = { 2013 },
   MONTH       = { October },
   TYPE        = { School of Mechanical and Mining Engineering Technical Report },
   NUMBER      = { 2013/09 },
   ANNOTE      = { http://espace.library.uq.edu.au/view/UQ:330909 }
   }

@INPROCEEDINGS { zander_etal_2013c,
   AUTHOR    = { Zander, Fabian and Morgan, Richard and Molder, Sannu and Jacobs, Peter
                 and Gollan, Rowan and Porat, Hadas and McIntyre, Timothy J. },
   TITLE     = { Radiation Studies using a {Mach} disk shock structure. },
   BOOKTITLE = { 44th AIAA Thermophysics Conference, San Diego, California. },
   EDITOR    = {},
   YEAR      = { 2013 },
   MONTH     = { June },
   PAGES     = {},
   PUBLISHER = { AIAA },
   ADDRESS   = {},
   ISBN      = {},
   ANNOTE    = { withdrawn }
   }

@INPROCEEDINGS { leyland_etal_2013a,
   AUTHOR    = { Leyland, P. and McIntyre, T.J. and Morgan, R. and
                 Jacobs, P. and Zander, F. and Sheikh, U. and
                 Eichmann, T. and Fahy, E. and Joshi, O. and Duffa, G. and
                 Potter, D. and Banerji, N. and Mora-Monteros, J. and Marguet, V. },
   TITLE     = { Radiation-ablation coupling for capsule reentry heating via
                 simulation and expansion tube investigations. },
   BOOKTITLE = { 5th European Conference for Aeronautics and Space Sciences 
                 {(EUCASS 2013)}, Munich, Germany. },
   EDITOR    = {},
   YEAR      = { 2013 },
   MONTH     = { July },
   PAGES     = {},
   PUBLISHER = {},
   ADDRESS   = {},
   ISBN      = {},
   ANNOTE    = {}
   }

@INPROCEEDINGS { james_etal_2013a,
   AUTHOR    = { James, Chris and Gildfind, David E. and Morgan, Richard G. and 
                 Jacobs, Peter A. and Zander, Fabian },
   TITLE     = { Designing and Simulating High Enthalpy Expansion Tube Conditions },
   BOOKTITLE = { 2013 Asia-Pacific International Symposium on Aerospace Technology },
   EDITOR    = {},
   YEAR      = { 2013 },
   MONTH     = { November },
   PAGES     = { Paper 036 },
   PUBLISHER = {},
   ADDRESS   = { Takamatsu, Japan },
   ISBN      = {},
   ANNOTE    = { * David Gildfind presents }
   }

@TECHREPORT { jacobs_2013d,
   AUTHOR      = { Jacobs, P. A. },
   TITLE       = { High-resolution differential-pressure indicator for the low-speed
                   wind tunnel. },
   INSTITUTION = { The University of Queensland },
   ADDRESS     = { Brisbane, Australia },
   YEAR        = { 2013 },
   MONTH       = { December },
   TYPE        = { Technical Report },
   NUMBER      = { 2013/17 },
   ANNOTE      = { http://espace.library.uq.edu.au/view/UQ:330911 }
   }

@TECHREPORT { gollan_etal_2013a,
   AUTHOR      = { Gollan, Rowan J. and O'Flaherty, Brendan T. and
                   Jacobs, Peter A. and Johnston, Ian A. and
                   Harrland, Alan },
   TITLE       = { Casbar User's Guide -- Version 2 },
   INSTITUTION = { Defence Science and Technology Organisation, Australian Government },
   ADDRESS     = { Edinburgh, South Australia },
   YEAR        = { 2013 },
   MONTH       = { May },
   TYPE        = { General Document },
   NUMBER      = { DSTO-GD-0746 AR-015-619 },
   ANNOTE      = { Alan's update to DSTO-GD-0594 }
   }


------------------- 2014 ------------------------

@INPROCEEDINGS { anand_etal_2014a,
   AUTHOR    = { Veeraragavan, Ananthanarayanan and Gollan, Rowan J. and Jacobs, Peter A. },
   TITLE     = { Numerical Simulations of Pre-mixed Methane-Air Flames in Narrow, Heated Channels. },
   BOOKTITLE = { The Thirty-Fifth International Symposium on Combustion },
   EDITOR    = {},
   YEAR      = { 2014 },
   MONTH     = { August },
   PAGES     = {},
   PUBLISHER = { Combustion Institute },
   ADDRESS   = { https://www.combustioninstitute.org },
   ISBN      = {},
   ANNOTE    = {}
   }

@INPROCEEDINGS { gildfind_etal_2014a,
   AUTHOR    = { Gildfind, D.E. and Morgan, R.G. and Jacobs, P.A. },
   TITLE     = { Expansion Tubes in Australia },
   BOOKTITLE = { Experimental Methods of Shock Wave Research },
   EDITOR    = { Ozer Igra and Friedrich Seiler },
   YEAR      = { 2014 },
   MONTH     = { submitted January },
   PAGES     = {},
   PUBLISHER = { Springer },
   ADDRESS   = {},
   ISBN      = {},
   ANNOTE    = {}
   }

@TECHREPORT { jacobs_2014a,
   AUTHOR      = { Jacobs, P. A. },
   TITLE       = { A Tutorial Guide to Programming {PIC18}, {PIC24} and {AVR} Microcontrollers
                   with {FlashForth}. },
   INSTITUTION = { The University of Queensland },
   ADDRESS     = { Brisbane },
   YEAR        = { 2014 },
   MONTH       = { May },
   TYPE        = { School of Mechanical and Mining Engineering Technical Report },
   NUMBER      = { 2014/02 },
   ANNOTE      = { Update and expansion of jacobs_2012b 
                   http://espace.library.uq.edu.au/view/UQ:330707 }
   }

@TECHREPORT { jacobs_2014b,
   AUTHOR      = { Jacobs, P. A. },
   TITLE       = { Hitchhiker's Guide to {FlashForth} 5 on {PIC} and {AVR} Microcontrollers. },
   INSTITUTION = { The University of Queensland },
   ADDRESS     = { Brisbane },
   YEAR        = { 2012 },
   MONTH       = { May-October },
   TYPE        = { School of Mechanical and Mining Engineering Technical Report },
   NUMBER      = { 2014/03 },
   ANNOTE      = { Update and expansion of jacobs_2012c 
                   http://espace.library.uq.edu.au/view/UQ:330706 }
   }

@TECHREPORT { jacobs_etal_2014a,
   AUTHOR      = { Jacobs, P. A. and Gollan, R. G. and Potter, D. F. },
   TITLE       = { The {Compressible}-{Flow} {CFD} Project. },
   INSTITUTION = { The University of Queensland },
   ADDRESS     = { Brisbane, Australia },
   YEAR        = { 2014 },
   MONTH       = { May },
   TYPE        = { {URL} },
   NUMBER      = { http://cfcfd.mechmining.uq.edu.au/ },
   ANNOTE      = { It's been at http://mech.uq.edu.au/cfcfd/ for years but
                   we have a new virtual server now.
                   http://espace.library.uq.edu.au/view/UQ:330802 }
   }

@TECHREPORT { jacobs_2014c,
   AUTHOR      = { Jacobs, P. A. },
   TITLE       = { Elements of {Python3} Programming for Mechanical Engineers. },
   INSTITUTION = { The University of Queensland },
   ADDRESS     = { Brisbane },
   YEAR        = { 2014 },
   MONTH       = { April },
   TYPE        = { School of Mechanical and Mining Engineering Technical Report },
   NUMBER      = { 2014/04 },
   ANNOTE      = { Number allocated by Rose on 2014-05-23. }
   }

@TECHREPORT { jacobs_etal_2014b,
   AUTHOR      = { Jacobs, P. A. and Gollan, R. J. and Potter, D. F. },
   TITLE       = { The {Eilmer3} Code: User Guide and Example Book, 2014 Edition. },
   INSTITUTION = { The University of Queensland },
   YEAR        = { 2014 },
   MONTH       = { May },
   TYPE        = { School of Mechanical and Mining Engineering Report },
   NUMBER      = { 2014/05 },
   ADDRESS     = { Brisbane, Australia },
   ANNOTE      = { Report number from Rose on 2014-05-23. }
   }

@TECHREPORT { jacobs_kearney_2014a,
   AUTHOR      = { Jacobs, P. A. and Kearney, M. },
   TITLE       = { A tutorial guide to programming {AVR-8} microcontrollers 
                   with {FlashForth}. },
   INSTITUTION = { The University of Queensland },
   ADDRESS     = { Brisbane, Australia },
   YEAR        = { 2014 },
   MONTH       = { April },
   TYPE        = { Technical Report },
   NUMBER      = { 2014/xx },
   ANNOTE      = { }
   }

------------------- maybe someday, not ----------------


@ARTICLE { faddy_jacobs_2001a,
   AUTHOR  = { Faddy, J. M. and Jacobs, P. A. },
   TITLE   = { Simulation of shock/vortex interaction in flow around a 
               90 degree bend. },
   JOURNAL = { in preparation },
   YEAR    = { 2004 },
   VOLUME  = {},
   NUMBER  = {},
   PAGES   = {},
   ANNOTE  = {}
   }


@TECHREPORT { craddock_etal_99a,
   AUTHOR      = { Craddock, C. S. and Jacobs, P. A. and Austin, J. and
                   White, S. },
   TITLE       = { Design of axisymmetric and square-section 
                   shock-tunnel nozzles. },
   INSTITUTION = {},
   ADDRESS     = {},
   YEAR        = { 1998 },
   MONTH       = { January },
   TYPE        = { AIAA Paper },
   NUMBER      = { 98-???? },
   ANNOTE      = { * Reno meeting, Jan 1998, cancelled }
   }

@TECHREPORT { jacobs_lavery_9xa,
   AUTHOR      = { Jacobs, P. A. and Lavery, I. },
   TITLE       = { Nitrogen driver gas in a free-piston shock tunnel. },
   INSTITUTION = { The University of Queensland },
   YEAR        = { 1995 },
   TYPE        = { Department of Mechanical Engineering Report },
   NUMBER      = { x/97 },
   ADDRESS     = { Brisbane, Australia },
   ANNOTE      = { This may NEVER happen!!! }
   }

@TECHREPORT {jacobs_91c,
   AUTHOR = {Jacobs, P. A.},
   TITLE = {Contour-dynamic simulation of spatially developing shear layers.},
   INSTITUTION = {},
   YEAR = {1991},
   TYPE = { on hold forever },
   NUMBER = {},
   ADDRESS = {},
   ANNOTE = {}
   }


@TECHREPORT {jacobs_89c,
   AUTHOR = {Jacobs, P. A.},
   TITLE = {A {Mach} 8 nozzle for the {T4} shock tunnel.},
   INSTITUTION = {University of Queensland},
   YEAR = {1989},
   TYPE = {Department of Mechanical Engineering Report},
   NUMBER = {12/89},
   ADDRESS = {},
   ANNOTE = {* Mech Eng / NASA report ??}
   }

