
@TECHREPORT { chan_2012a,
   AUTHOR      = { Chan, W. Y. K. },
   TITLE       = { Effects of flow non-uniformities on the drag reduction by boundary layer combustion. },
   INSTITUTION = { The University of Queensland },
   ADDRESS     = { Brisbane, Australia. },
   YEAR        = { 2012 },
   MONTH       = {  },
   TYPE        = { {PhD} Thesis },
   NUMBER      = {},
   ANNOTE      = {}
   }
