% This file was created with JabRef 2.10b2.
% Encoding: UTF-8


@Manual{DRM19,
  Title                    = {Reaction Set DRM19},
  Author                   = {A. Kazakov and M. Frenklach},

  Owner                    = {uqxkang1},
  Timestamp                = {2015.01.19},
  Url                      = {http://www.me.berkeley.edu/drm/}
}

@Article{Poi_JCP_1992,
  Title                    = {Boundary conditions for direct simulations of compressible viscous flows},
  Author                   = {T.J Poinsot and S.K Lelef},
  Journal                  = {Journal of Computational Physics},
  Year                     = {1992},
  Number                   = {1},
  Pages                    = {104 - 129},
  Volume                   = {101},

  __markedentry            = {[uqxkang1:6]},
  ISSN                     = {0021-9991},
  Owner                    = {uqxkang1},
  Timestamp                = {2015.01.19}
}

