@comment{This file has been generated by Pybliographer}


@Article{bakos,
  Author         = {Bakos, R J and Morgan, R G},
  Title          = {Chemical recombination in an expansion tube},
  Journal        = {AIAA Journal},
  Volume         = {32},
  Number         = {6},
  Pages          = {1316 - 1319},
  year           = 1994
}

@Article{doolan,
  Author         = {Doolan, C J and Jacobs, P A},
  Title          = {Modeling mass entrainment in a quasi-one-dimensional
                   shock tube code},
  Journal        = {A.I.A.A. Journal},
  Volume         = {34},
  Number         = {6},
  Pages          = {1291-1293},
  year           = 1996
}

@TechReport{edwards,
  Author         = {Edwards, B P},
  Title          = {Binary kinetic behaviour and flow similarity in
                   ionising hydrogen flows},
  Institution    = {University of Queensland},
  Type           = {Department of Mechanical Engineering Report},
  Number         = {12/79},
  Address        = {St Lucia, QLD},
  year           = 1979
}

@TechReport{gordon,
  Author         = {Gordon, S and Mcbride, B J},
  Title          = {Computer program for calculation of complex chemical
                   equilibrium compositions and applications. part 1:
                   analysis.},
  Institution    = {National Aeronautics and Space Administration},
  Type           = {NASA Reference Publication},
  Number         = {1311},
  Address        = {United States},
  pages          = {64},
  year           = 1994
}

@Article{gottlieb,
  Author         = {Gottlieb, J J and Groth, C P T},
  Title          = {Assessment of riemann solvers for unsteady
                   one-dimensional inviscid flows of perfect gases},
  Journal        = {Journal of Computational Physics (USA)},
  Volume         = {78},
  Number         = {2},
  Pages          = {437 - 458},
  copyright      = {Copyright 2005, IEE},
  issn           = {0021-9991},
  language       = {English},
  year           = 1988
}

@TechReport{jacobs_98b,
  Author         = {Jacobs, P A},
  Title          = {Shock tube modeling with l1d},
  Institution    = {The University of Queensland},
  Type           = {Department of Mechanical Engineering Report},
  Number         = {1998/13},
  Address        = {St Lucia, QLD},
  year           = 1998
}

@Article{jacobs_94,
  Author         = {Jacobs, P A},
  Title          = {Numerical simulation of transient hypervelocity flow
                   in an expansion tube},
  Journal        = {Computer Fluids (UK)},
  Volume         = {23},
  Number         = {1},
  Pages          = {77 - 101},
  copyright      = {Copyright 2005, IEE},
  issn           = {0045-7930},
  language       = {English},
  year           = 1994
}

@Article{mirels_63,
  Author         = {Mirels, H},
  Title          = {Test time in low-pressure shock tubes},
  Journal        = {Physics of Fluids},
  Volume         = {6},
  Number         = {9},
  Pages          = {1201 - 1214},
  copyright      = {Compilation and indexing terms, Copyright 2005
                   Elsevier Engineering Information, Inc.},
  key            = {Shock tubes},
  language       = {English},
  url            = {http://dx.doi.org/10.1063/1.1706887},
  year           = 1963
}

@Article{mirels_64,
  Author         = {Mirels, H},
  Title          = {Shock tube test time limitation due to turbulent-wall
                   boundary layer},
  Journal        = {AIAA Journal},
  Volume         = {2},
  Number         = {1},
  Pages          = {84 - 93},
  copyright      = {Compilation and indexing terms, Copyright 2005
                   Elsevier Engineering Information, Inc.},
  key            = {Shock tubes},
  language       = {English},
  year           = 1964
}

@InBook{morgan_chapter,
  Author         = {Morgan, R G},
  Title          = {Handbook of shock waves, {V}olume 1},
  Chapter        = {Shock Tubes and Tunnels: Facilities, Instrumentation,
                   and Techniques},
  Volume         = {1},
  year           = 2001
}

@Article{neely,
  Author         = {Neely, A J and Morgan, R G},
  Title          = {The superorbital expansion tube concept, experiment
                   and analysis},
  Journal        = {The Aeronautical Journal, Royal Aeronautical Society},
  Pages          = {97 - 105},
  year           = 1994
}

@PhdThesis{petrie,
  Author         = {Petrie-Repar, P},
  Title          = {Numerical simulation of diaphragm rupture},
  School         = {Mechanical Engineering Department, University of
                   Queensland, St Lucia, QLD},
  year           = 1997
}

@Misc{my_ug_thesis,
  Author         = {Potter, D F},
  Title          = {Superorbital flows of a {J}ovian test gas in an
                   expansion tube},
  HowPublished   = {Undergraduate Thesis, The University of Queensland, St
                   Lucia, QLD},
  institution    = {The University of Queensland, St Lucia, QLD},
  school         = {The University of Queensland, St Lucia, QLD},
  year           = 2005
}

@Article{saurel,
  Author         = {Saurel, R and Larini, M and Loraud, J C},
  Title          = {Exact and approximate riemann solvers for real gases},
  Journal        = {J. Comput. Phys. (USA)},
  Volume         = {112},
  Number         = {1},
  Pages          = {126 - 37},
  copyright      = {Copyright 2005, IEE},
  issn           = {0021-9991},
  language       = {English},
  year           = 1994
}

@PhdThesis{scott,
  Author         = {Scott, M P},
  Title          = {Development and modelling of expansion tubes},
  School         = {University of Queensland, St Lucia, QLD},
  year           = 2006
}

@Unpublished{reno2,
  Author         = {Scott, M P and Morgan, R G and Jacobs, P A},
  Title          = {A new single stage driver for the x2 expansion tube},
  Note           = {Paper presented to the 43rd AIAA Aerospace Sciences
                   Meeting and Exhibition, Reno, NV, 10-13 January},
  year           = 2005
}

@Article{sod,
  Author         = {Sod, G A},
  Title          = {A survey of several finite difference methods for
                   systems of nonlinear hyperbolic conservation laws},
  Journal        = {Journal of computational physics},
  Volume         = {27},
  Number         = {1},
  Pages          = {1-31},
  year           = 1978
}

@Article{wilson,
  Author         = {Wilson, G J},
  Title          = {Time-dependent quasi-one dimensional simulations of
                   high enthalpy pulse facilities},
  Journal        = {AIAA Paper 93-5096},
  year           = 1992
}

