Citations from Andrew Denman's thesis.


@Article{maeder_2001,
  author = {Maeder, T. and Adams, N. and Kleiser, L.},
  title = {Direct simulation of turbulent supersonic boundary layers by 
an extended temporal approach},
  journal = {Journal of Fluid Mechanics},
  year = {2001},
  volume = {429},
  number = {},
  pages = {187-216},
  month = {},
  note = {},
  file = 
{maeder_jfm.pdf,maeder_199.TIF,maeder_200.TIF,maeder_202.TIF,maeder_203.TIF},
  folder = {previous_dns},
  annote = {Gives DNS data for near adiabatic wall mach 4.5 boundary 
layer - see his PhD for more}
}

@TechReport{agard_223,
  author = {Fernholz, H.H. and Finley, P.J.},
  title = {A Critical Compilation of Compressible Turbulent Boundary 
Layer Data},
  institution = {AGARD},
  year = {1977},
  type = {},
  number = {AG-223},
  address = {},
  month = {},
  note = {},
  folder = {experimental},
  annote = {No annotation provided.}
}

