@string {arfm = "Annual Review of Fluid Mechanics"}
@string {jfm  = "Journal of Fluid Mechanics"}
@string {jcp  = "Journal of Computational Physics"}

@string {pf  = "The Physics of Fluids"}
@string {pfa = "The Physics of Fluids (A)"}
@string {pfb = "The Physics of Fluids (B)"}

@string {caf   = "Computers and Fluids"}
@string {cmame = " Computer Methods in Applied Mechanics and Engineering"}

@string {taj   = "The Aeronautical Journal"}

@string {aiaaj     = "A.I.A.A. Journal"}
@string {aiaajsr   = "A.I.A.A. Journal of Spacecraft and Rockets"}
@string {aiaajpp   = "A.I.A.A. Journal of Propulsion and Power"}
@string {aiaaja    = "A.I.A.A. Journal of Aircraft"}
@string {aiaajtpht = "A.I.A.A. Journal of Thermophysics and Heat Transfer"}

@string {ijnmf = "International Journal for Numerical Methods in Fluids"}
@string {ijnme = "International Journal for Numerical Methods in Engineering"}
@string {ijhff = "International Journal for Heat and Fluid Flow"}

@string {siamssc = "SIAM Journal on Scientific and Statistical Computing"}
@string {siamna  = "SIAM Journal on Numerical Analysis"}

@string {nasatp = "NASA Technical Paper"}
@string {nasatm = "NASA Technical Memorandum"}
@string {nasacr = "NASA Contractor Report"}

------------- 1982 ----------------------

@TECHREPORT {jacobs_82,
   AUTHOR = {Jacobs, P. A.},
   TITLE = {Nonlinear Shear Waves.},
   INSTITUTION = {University of Queensland},
   YEAR = {1982},
   TYPE = {Undergraduate Thesis},
   NUMBER = {},
   ADDRESS = {},
   ANNOTE = {* steady-state vortical waves
	* Contour-Dynamic - Spectral}
   }

-------------- 1983 --------------------


-------------- 1984 --------------------


-------------- 1985 --------------------

@ARTICLE {jacobs_pullin_85a,
   AUTHOR = {Jacobs, P. A. and Pullin, D. I.},
   TITLE = {Coalescence of stretching vortices.},
   JOURNAL = pf,
   YEAR = {1985},
   VOLUME = {28},
   NUMBER = {},
   PAGES = {1619--1625},
   ANNOTE = {}
   }

@INPROCEEDINGS {jacobs_pullin_85b,
   AUTHOR = {Jacobs, P. A. and Pullin, D. I.},
   TITLE = {Some applications of the method of contour dynamics.},
   BOOKTITLE = {Computational Techniques and Applications (CTAC-85)},
   YEAR = {1985},
   PAGES = {367--378},
   PUBLISHER = {North-Holland},
   ANNOTE = {}
   }

-------------- 1986 --------------------

@INPROCEEDINGS {jacobs_pullin_86,
   AUTHOR = {Jacobs, P. A. and Pullin, D. I.},
   TITLE = {Nonlinear dynamics of stretched shear layers.},
   BOOKTITLE = {Ninth Australasian Fluid Mechanics Conference,
	Auckland, N.Z.},
   YEAR = {1986},
   PAGES = {},
   PUBLISHER = {},
   ANNOTE = {}
   }

@ARTICLE {pullin_jacobs_86a,
   AUTHOR = {Pullin, D. I. and Jacobs, P. A.},
   TITLE = {Inviscid evolution of stretched vortex arrays.},
   JOURNAL = jfm,
   YEAR = {1986},
   VOLUME = {171},
   NUMBER = {},
   PAGES = {377--406},
   ANNOTE = {}
   }

@ARTICLE {pullin_jacobs_86b,
   AUTHOR = {Pullin, D. I. and Jacobs, P. A.},
   TITLE = {Nonlinear waves in a shear flow with a vorticity
	discontinuity.},
   JOURNAL = {Studies in Applied Mathematics},
   YEAR = {1986},
   VOLUME = {7},
   NUMBER = {},
   PAGES = {77--93},
   ANNOTE = {* undergraduate thesis and a further stability analysis}
   }

-------------- 1987 --------------------

@TECHREPORT {jacobs_87a,
   AUTHOR = {Jacobs, P. A.},
   TITLE = {Nonlinear dynamics of piecewise-constant vorticity
	distributions in an inviscid fluid.},
   INSTITUTION = {University of Queensland},
   YEAR = {1987},
   TYPE = {{Ph.D.} {Thesis}},
   NUMBER = {},
   ADDRESS = {},
   ANNOTE = {}
   }

@TECHREPORT {jacobs_87b,
   AUTHOR = {Jacobs, P. A.},
   TITLE = {Computer codes for contour dynamics.},
   INSTITUTION = {University of Queensland},
   YEAR = {1987},
   TYPE = {Department of Mechanical Engineering Report},
   NUMBER = {2/87},
   ADDRESS = {},
   ANNOTE = {}
   }

-------------- 1988 --------------------

@TECHREPORT {jacobs_88,
   AUTHOR = {Jacobs, P. A.},
   TITLE = {An interactive graphics program for computer assisted 
	calculations of isentropic flows.},
   INSTITUTION = {University of Queensland},
   YEAR = {1988},
   TYPE = {Department of Mechanical Engineering Report},
   NUMBER = {7/88},
   ADDRESS = {},
   ANNOTE = {* reference manual for the MOC program.}
   }

@TECHREPORT {jacobs_88b,
   AUTHOR = {Jacobs, P. A.},
   TITLE = {{C} routines for complex numbers.},
   INSTITUTION = {University of Queensland},
   YEAR = {1988},
   TYPE = {Department of Mechanical Engineering Report},
   NUMBER = {10/88},
   ADDRESS = {},
   ANNOTE = {* dabbling}
   }

@TECHREPORT {jacobs_lott_88,
   AUTHOR = {Jacobs, P. A. and Lott, N. J.},
   TITLE = {{NELMIN}: A robust minimizer for continuous functions.},
   INSTITUTION = {University of Queensland},
   YEAR = {1988},
   TYPE = {Department of Mechanical Engineering Report},
   NUMBER = {11/88},
   ADDRESS = {},
   ANNOTE = {* more dabbling}
   }

@TECHREPORT {morgan_etal_88a,
   AUTHOR = {Morgan, R. G. and Paull, A. and Stalker, R. J. and
	Jacobs, P. A. and Morris, N. and Stringer, I. and
	Brescianini, C.},
   TITLE = {Shock tunnel studies of scramjet phenomena.},
   INSTITUTION = {},
   YEAR = {1988},
   TYPE = nasacr,
   NUMBER = {181721},
   ADDRESS = {},
   ANNOTE = {* also NASP contractor report 1023 ??}
   }

@TECHREPORT {morgan_etal_88b,
   AUTHOR = {Morgan, R. G. and Wallace, G. A. and Stalker, R. J.
	and Gottschall, N. and Casey, R. and Jacobs, P. A. and
	Brescianini, C. and Allen, G. and He, Y. and Sanderson, S.
	and Simmons, J. M. and Kelly, G. and Krek, R. and Skinner, K.
	and Stacey, C. and Paull, A. and Neely, A.},
   TITLE = {Shock tunnel studies of scramjet phenomena.
	{Supplement} 4.},
   INSTITUTION = {The University of Queensland},
   YEAR = {1989},
   TYPE = {{Department} of {Mechanical} {Engineering} {Report}},
   NUMBER = {},
   ADDRESS = {},
   ANNOTE = {* was never converted to a NASA CR}
   }

-------------- 1989 --------------------

@TECHREPORT {jacobs_89a,
   AUTHOR = {Jacobs, P. A.},
   TITLE = {A SCRAMjet model for pressure scaling studies.},
   INSTITUTION = {University of Queensland},
   YEAR = {1989},
   TYPE = {Department of Mechanical Engineering Report},
   NUMBER = {2/89},
   ADDRESS = {},
   ANNOTE = {* drawings for the pressure scaling scramjet}
   }

@TECHREPORT {jacobs_89b,
   AUTHOR = {Jacobs, P. A.},
   TITLE = {A {Mach} 4 nozzle for hypervelocity flow.},
   INSTITUTION = {University of Queensland},
   YEAR = {1989},
   TYPE = {Department of Mechanical Engineering Report},
   NUMBER = {9/89},
   ADDRESS = {},
   ANNOTE = {}
   }

@BOOK {jacobs_lott_89,
   AUTHOR = {Jacobs, P. A. and Lott, N. J.},
   TITLE = {{CMATH} - A Mathematical Software Library for the {C}
	Programming Language.},
   PUBLISHER = {Design Software},
   ADDRESS = {},
   YEAR = {1989},
   ANNOTE = {}
   }

@ARTICLE {jacobs_pullin_89,
   AUTHOR = {Jacobs, P. A. and Pullin, D. I.},
   TITLE = {Multiple-contour-dynamic simulation of eddy scales
	in the plane mixing layer.},
   JOURNAL = jfm,
   YEAR = {1989},
   VOLUME = {199},
   NUMBER = {},
   PAGES = {89--124},
   ANNOTE = {* last paper from the thesis}
   }

@TECHREPORT {jacobs_stalker_89a,
   AUTHOR = {Jacobs, P. A. and Stalker, R. J.},
   TITLE = {Design of axisymmetric nozzles for reflected shock
	tunnels.},
   INSTITUTION = {University of Queensland},
   YEAR = {1989},
   TYPE = {Department of Mechanical Engineering Report},
   NUMBER = {1/89},
   ADDRESS = {},
   ANNOTE = {}
   }

@INPROCEEDINGS {jacobs_stalker_89b,
   AUTHOR = {Jacobs, P. A. and Stalker, R. J.},
   TITLE = {Hypervelocity flow in axisymmetric nozzles.},
   BOOKTITLE = {Tenth Australasian Fluid Mechanics Conference.},
   YEAR = {1989},
   PAGES = {15.25--15.28},
   PUBLISHER = {},
   ANNOTE = {* Melbourne University, Dec11-15, 1989}
   }

@ARTICLE {pullin_etal_89,
   AUTHOR = {Pullin, D. I. and Jacobs, P. A. and Grimshaw, R. H. J.
	and Saffman, P. G.},
   TITLE = {Instability and filamentation of finite-amplitude
	waves on vortex layers of finite thickness.},
   JOURNAL = jfm,
   YEAR = {1989},
   VOLUME = {209},
   NUMBER = {},
   PAGES = {359--384},
   ANNOTE = {* interesting array of authors}
   }

-------------- 1990 --------------------

@TECHREPORT {casey_etal_90,
   AUTHOR = {Casey, R. and Stalker, R. J. and Brescianini, C. P. and
	Morgan, R. G. and Jacobs, P. A. and Wendt, M. and Ward, N. R.
	and Akman, N. and Allen, G. A. and Skinner, K. and 
	Tuttle, S. L. and Simmons, J. M. and Kelly, G. and
	Krek, R. M. and Neely, A. and Paull, A.},
   TITLE = {Shock tunnel studies of scramjet phenomena.  
	Supplement 5.},
   INSTITUTION = {},
   YEAR = {1990},
   TYPE = nasacr,
   NUMBER = {182096},
   ADDRESS = {},
   ANNOTE = {* T4 report for the 1989 year}
   }

@TECHREPORT {jacobs_etal_90,
   AUTHOR = {Jacobs, P. A. and Morgan, R. G. and Rogers, R. C.
	and Wendt, M. and Brescianini, C. and Paull, A. and
	Kelly, G.},
   TITLE = {Preliminary calibration of a generic scramjet
	    combustor.},
   INSTITUTION = {University of Queensland},
   YEAR = {1990},
   TYPE = { {Department} of {Mechanical} {Engineering} {Report} },
   NUMBER = {},
   ADDRESS = {},
   ANNOTE = {Authors: Jacobs, Rogers, Morgan, Stalker, Wendt, Paull,
	     Kelly}
   }

@TECHREPORT {jacobs_etal_90a,
   AUTHOR = {Jacobs, P. A. and Rogers, R. C. and Weidner, E. H. and
	Bittner, R. D.},
   TITLE = {Flow establishment in a generic scramjet combustor.},
   INSTITUTION = {},
   YEAR = {1990},
   TYPE = {AIAA Paper},
   NUMBER = {90-2096},
   ADDRESS = {},
   ANNOTE = {* first stage in what is to be a continuing study}
   }

@TECHREPORT {jacobs_etal_90b,
   AUTHOR = {Jacobs, P. A. and Morgan, R. G. and Rogers, R. C.
	and Wendt, M. and Brescianini, C. and Paull, A. and
	Kelly, G.},
   TITLE = {Preliminary calibration of a generic scramjet
	    combustor.},
   INSTITUTION = {},
   YEAR = {1991},
   TYPE = { {ICASE} {Interim} {Report} },
   NUMBER = {16},
   ADDRESS = {},
   ANNOTE = {Authors: Jacobs, Rogers, Morgan, Stalker, Wendt, Paull,
	     Kelly}
   }

@TECHREPORT {jacobs_etal_90c,
   AUTHOR = {Jacobs, P. A. and Rogers, R. C. and Weidner, E. H. and
	Bittner, R. D.},
   TITLE = {Flow establishment in a generic scramjet combustor.},
   INSTITUTION = {},
   YEAR = {1990},
   TYPE = {ICASE Report},
   NUMBER = {90-77},
   ADDRESS = {},
   ANNOTE = {* a slight update of the AIAA-2096 paper
	* also has better/larger figures
	}
   }

-------------- 1991 --------------------

@TECHREPORT {jacobs_91a,
   AUTHOR = {Jacobs, P. A.},
   TITLE = {Transient, hypervelocity flow in an axisymmetric nozzle.},
   INSTITUTION = {},
   YEAR = {1991},
   TYPE = {AIAA Paper},
   NUMBER = {91-0295},
   ADDRESS = {},
   ANNOTE = {}
   }

@TECHREPORT {jacobs_91b,
   AUTHOR = {Jacobs, P. A.},
   TITLE = {Transient, hypervelocity flow in an axisymmetric nozzle.},
   INSTITUTION = {},
   YEAR = {1991},
   TYPE = {ICASE Report},
   NUMBER = {91-01},
   ADDRESS = {},
   ANNOTE = {}
   }

@TECHREPORT {jacobs_91d,
   AUTHOR = {Jacobs, P. A.},
   TITLE = {Single-block {Navier}-{Stokes} integrator.},
   INSTITUTION = {},
   YEAR = {1991},
   TYPE = {ICASE Interim Report},
   NUMBER = {18},
   ADDRESS = {},
   ANNOTE = {}
   }

@INPROCEEDINGS {jacobs_91e,
   AUTHOR = {Jacobs, P. A.},
   TITLE = {Simulation of transient flow in a shock tunnel and a
	high {Mach} number nozzle.},
   BOOKTITLE = {4th International Symposium on Computational Fluid Dynamics},
   YEAR = {1991},
   PAGES = {},
   PUBLISHER = {},
   ANNOTE = {}
   }

@TECHREPORT {jacobs_91f,
   AUTHOR = {Jacobs, P. A.},
   TITLE = {Simulation of transient flow in a shock tunnel and a
	high {Mach} number nozzle.},
   INSTITUTION = {},
   YEAR = {1991},
   TYPE = {ICASE Report},
   NUMBER = {91-60},
   ADDRESS = {},
   ANNOTE = {}
   }

@TECHREPORT {jacobs_91g,
   AUTHOR = {Jacobs, P. A.},
   TITLE = {An approximate {Riemann} solver for hypervelocity flows.},
   INSTITUTION = {},
   YEAR = {1991},
   TYPE = {ICASE Report},
   NUMBER = {91-75},
   ADDRESS = {},
   ANNOTE = {* submitted to the AIAA Journal as a technical note}
   }

-- jacobs_91h was the Riemann solver AIAA J paper --

@TECHREPORT {jacobs_91i,
   AUTHOR = {Jacobs, P. A.},
   TITLE = {Numerical simulation of transient hypervelocity flow
	in an expansion tube.},
   INSTITUTION = {},
   YEAR = {1992},
   TYPE = {ICASE Interim Report},
   NUMBER = {20},
   ADDRESS = {},
   ANNOTE = {}
   }

@ARTICLE {jacobs_gourlay_91,
   AUTHOR = {Jacobs, P. A. and Gourlay, C. M.},
   TITLE = {An interactive method-of-characteristics program
	for gas-dynamic calculations.},
   JOURNAL = {The International Journal of
	Applied Engineering Education},
   YEAR = {1991},
   VOLUME = {7},
   NUMBER = {3},
   PAGES = {242--250},
   ANNOTE = {}
   }

@TECHREPORT {jacobs_stalker_91a,
   AUTHOR = {Jacobs, P. A. and Stalker, R. J.},
   TITLE = {Mach 4 and Mach 8 axisymmetric nozzles for a
	high-enthalpy shock tunnel.},
   INSTITUTION = {},
   YEAR = {1991},
   TYPE = {ICASE Report},
   NUMBER = {91-24},
   ADDRESS = {},
   ANNOTE = {}
   }

@ARTICLE {jacobs_stalker_91b,
   AUTHOR = {Jacobs, P. A. and Stalker, R. J.},
   TITLE = {Mach 4 and Mach 8 axisymmetric nozzles for a
	high-enthalpy shock tunnel.},
   JOURNAL = taj,
   YEAR = {1991},
   VOLUME = {95},
   NUMBER = {949},
   PAGES = {324--334},
   ANNOTE = {November}
   }

-------------- 1992 --------------------

@TECHREPORT {jacobs_92b,
   AUTHOR = {Jacobs, P. A.},
   TITLE = {L1d: {A} computer code for the quasi-one-dimensional
	modelling of transient flow facilities.},
   INSTITUTION = {},
   YEAR = {1992},
   TYPE = { {WBM} {Internal} {Report} },
   NUMBER = {},
   ADDRESS = {},
   ANNOTE = {}
   }

@TECHREPORT {jacobs_92c,
   AUTHOR = {Jacobs, P. A.},
   TITLE = {Numerical simulation of transient hypervelocity flow
	in an expansion tube.},
   INSTITUTION = {},
   YEAR = {1992},
   TYPE = {ICASE Report},
   NUMBER = {92-10},
   ADDRESS = {},
   ANNOTE = {* revised (but separate) version of interim report 20}
   }

@ARTICLE {jacobs_92d,
   AUTHOR = {Jacobs, P. A.},
   TITLE = {An approximate {Riemann} solver for hypervelocity flows.},
   JOURNAL = aiaaj,
   YEAR = {1992},
   VOLUME = {30},
   NUMBER = {10},
   PAGES = {2558--2561},
   ANNOTE = {}
   }

@ARTICLE {jacobs_etal_92a,
   AUTHOR = {Jacobs, P. A. and Rogers, R. C. and Weidner, E. H. and
	Bittner, R. D.},
   TITLE = {Flow establishment in a generic scramjet combustor.},
   JOURNAL = aiaajpp,
   YEAR = {1992},
   VOLUME = {8},
   NUMBER = {4},
   PAGES = {890--899},
   ANNOTE = {A rewrite of AIAA-90-2096 and ICASE Rep 90-77}
   }

-------------- 1993 --------------------

@TECHREPORT {jacobs_93a,
   AUTHOR = {Jacobs, P. A.},
   TITLE = {Quasi-one-dimensional modelling of free-piston
	shock tunnels.},
   INSTITUTION = {},
   YEAR = {1993},
   TYPE = {AIAA Paper},
   NUMBER = {93-0352},
   ADDRESS = {},
   ANNOTE = { Presented at the Aerospace Sciences Meeting
	      Reno, Nevada, Jan 1993
  	     }
   }

@INPROCEEDINGS {jacobs_93e,
   AUTHOR = {Jacobs, P. A.},
   TITLE = { Simulation of transient flows in a shock tunnel. },
   BOOKTITLE = {Computational Techniques and Applications Conference '93,
                Canberra, Australia. },
   YEAR = {1993},
   PAGES = { 311--319 },
   PUBLISHER = { World Scientific },
   ANNOTE = {}
   }


@INPROCEEDINGS {jacobs_etal_93b,
   AUTHOR = { Jacobs, P. A. and Morgan, R. G. and Stalker, R. J. and
          Mee, D. J. },
   TITLE = { Use of Argon-Helium Driver-Gas Mixtures in the
         {T4} Shock Tunnel. },
   BOOKTITLE = {19th International Symposium on	Shock Waves,
                Marseille, France.},
   YEAR = {1993},
   PAGES = {},
   PUBLISHER = { Springer-Verlag },
   ANNOTE = {}
   }

@TECHREPORT { krek_jacobs_93,
   AUTHOR      = { Krek, R. M. and Jacobs, P. A. },
   TITLE       = { {STN}, Shock tube and nozzle calculations for
                   equilibrium air.},
   INSTITUTION = { The University of Queensland },
   YEAR        = { 1993 },
   MONTH       = { February },
   TYPE        = { Department of Mechanical Engineering Report },
   NUMBER      = { 2/93 },
   ADDRESS     = { },
   ANNOTE      = { }
   }

@TECHREPORT { wbm_93,
   AUTHOR      = { WBM-Stalker Pty Ltd },
   TITLE       = { {Scramjet} {Collaborative} {Research} {Grant},
                   {December} 1992 to {January} 1993: {Model} {Testing}. },
   INSTITUTION = {},
   YEAR        = { 1993 },
   TYPE        = { Internal Report },
   NUMBER      = { 7566-1 },
   ADDRESS     = {},
   ANNOTE      = {}
   }

------------------ 1994 ------------------------

@ARTICLE { jacobs_94a,
   AUTHOR  = { Jacobs, P. A. },
   TITLE   = { Quasi-one-dimensional modelling of a free-piston
	       shock tunnel.},
   JOURNAL = aiaaj,
   YEAR    = { 1994 },
   VOLUME  = { 32 },
   NUMBER  = { 1 },
   PAGES   = { 137--145 },
   ANNOTE  = {* this is a revised version of AIAA-93-0352}
   }

@ARTICLE { jacobs_94b,
   AUTHOR  = { Jacobs, P. A. },
   TITLE   = { Numerical simulation of transient hypervelocity flow
               in an expansion tube. },
   JOURNAL = caf,
   YEAR    = { 1994 },
   VOLUME  = { 23 },
   NUMBER  = { 1 },
   PAGES   = { 77--101 },
   ANNOTE  = {}
   }


@TECHREPORT { wendt_etal_94a,
   AUTHOR      = { Wendt, M. N. and Jacobs, P. A. and Stacey, C. and
                   Stalker, R. J. },
   TITLE       = { Initial Composite Engine {(I.C.E.)} Testing. },
   INSTITUTION = { The University of Queensland },
   ADDRESS     = { Brisbane, Australia },
   YEAR        = { 1994 },
   MONTH       = { May },
   TYPE        = { Department of Mechanical Engineering Report },
   NUMBER      = { 6/94 },
   ANNOTE      = {}
   }

------------------ 1995 --------------------------

@INPROCEEDINGS { wendt_etal_95a,
   AUTHOR    = { Wendt, M. N. and Stalker, R. J. and Jacobs, P. A. },
   TITLE     = { Effect of fuel temperature on supersonic combustion. },
   BOOKTITLE = { Sixth International Aerospace Planes and Hypersonics
		 Technologies Conference },
   EDITOR    = {},
   YEAR      = { 1995 },
   MONTH     = { April },
   PAGES     = {},
   PUBLISHER = { American Institute for Astronautics and Aeronautics },
   ADDRESS   = { Washington, DC },
   ISBN      = {},
   ANNOTE    = { AIAA Paper 95-6029 }
   }

@TECHREPORT { jacobs_95a,
   AUTHOR      = { Jacobs, P. A. },
   TITLE       = { A space-marching {Euler} solver for supersonic flow in a
                   three-dimensional geometry.},
   INSTITUTION = { The University of Queensland },
   YEAR        = { 1995 },
   MONTH       = { January },
   TYPE        = { Department of Mechanical Engineering Report },
   NUMBER      = { 2/95 },
   ADDRESS     = { Brisbane, Australia },
   ANNOTE      = { About time! }
   }


@INPROCEEDINGS { kendall_etal_95a,
   AUTHOR    = { Kendall, M. A. and Morgan, R. G. and Jacobs, P. A. },
   TITLE     = { A compact entropy-raising driver for impulse facilities. },
   BOOKTITLE = { 20th International Symposium on Shock Waves },
   EDITOR    = {},
   YEAR      = { 1995 },
   MONTH     = { July },
   PAGES     = {},
   PUBLISHER = { California Institute of Technology },
   ADDRESS   = { Pasadena },
   ISBN      = {},
   ANNOTE    = {}
   }


@INPROCEEDINGS { petrie_jacobs_95a,
   AUTHOR    = { Petrie, P. J. and Jacobs, P. A. },
   TITLE     = { Numerical simulation of diaphragn rupture. },
   BOOKTITLE = { 20th International Symposium on Shock Waves },
   EDITOR    = {},
   YEAR      = { 1995 },
   MONTH     = { July },
   PAGES     = {},
   PUBLISHER = { California Institute of Technology },
   ADDRESS   = { Pasadena },
   ISBN      = {},
   ANNOTE    = {}
   }


@INPROCEEDINGS { jacobs_craddock_95a,
   AUTHOR    = { Jacobs, P. A. and Craddock, C. S. },
   TITLE     = { Simulation and optimisation of three-dimensional flows 
                 in scramjet ducts. },
   BOOKTITLE = { Twelfth International Symposium on Air Breathing Engines. },
   EDITOR    = {},
   YEAR      = { 1995 },
   MONTH     = { September },
   PAGES     = {},
   PUBLISHER = { A. I. A. A. },
   ADDRESS   = { Washington, DC. },
   ISBN      = {},
   ANNOTE    = { Didn't get the paper into the bound proceedings
                 Loose copies distributed instead.
               }
   }


@TECHREPORT { jacobs_mee_95a,
   AUTHOR      = { Jacobs, P. A. and Mee, D. J. },
   TITLE       = { Investigation of high quality nozzle design for
                   shock tunnels. },
   INSTITUTION = { The University of Queensland },
   ADDRESS     = {},
   YEAR        = { 1995 },
   MONTH       = { February },
   TYPE        = { {A.R.C.} {Large} {Grant} {Submission} },
   NUMBER      = {},
   ANNOTE      = {}
   }


@INPROCEEDINGS { johnston_jacobs_95a,
   AUTHOR    = { Johnston, I. A. and Jacobs, P. A. },
   TITLE     = { Hypersonic blunt body flows in reacting carbon dioxide. },
   BOOKTITLE = { Twelfth Australasian Fluid Mechanics Conference },
   EDITOR    = { R. W. Bilger },
   YEAR      = { 1995 },
   MONTH     = { December },
   PAGES     = { 807--810 },
   PUBLISHER = { The University of Sydney },
   ADDRESS   = { Sydney },
   ISBN      = { 0-86934-034-4 },
   ANNOTE    = {}
   }

-------------------- 1996 -------------------------

@ARTICLE { doolan_jacobs_96a,
   AUTHOR  = { Doolan, C. J. and Jacobs, P. A. },
   TITLE   = { Modeling mass entrainment in a quasi-one-dimensional 
               shock tube code. },
   JOURNAL = aiaaj,
   YEAR    = { 1996 },
   VOLUME  = { 34 },
   NUMBER  = { 8 },
   PAGES   = { 1291--1293 },
   ANNOTE  = {}
   }


@TECHREPORT { jacobs_craddock_96a,
   AUTHOR    = { Jacobs, P. A. and Craddock, C. S. },
   TITLE     = { Simulation and optimisation of three-dimensional flows 
                 in scramjet ducts. },
   INSTITUTION = { The University of Queensland },
   ADDRESS     = { Brisbane },
   YEAR        = { 1996 },
   MONTH       = { March },
   TYPE        = { {Department} of {Mechanical} {Engineering} {Report} },
   NUMBER      = { 8/96 },
   ANNOTE      = { also submitted to aiaa jpp }
   }


@TECHREPORT { wendt_jacobs_96a,
   AUTHOR      = { Wendt, M. N. and Jacobs, P. A. },
   TITLE       = { Modular Composite Scramjet Motor {(C.S.M)} Testing. },
   INSTITUTION = { The University of Queensland },
   ADDRESS     = { Brisbane, Australia },
   YEAR        = { 1996 },
   MONTH       = { February },
   TYPE        = { {Department} of {Mechanical} {Engineering} {Report} },
   NUMBER      = { 2/96 },
   ANNOTE      = { }
   }


@INPROCEEDINGS { wendt_etal_96d,
   AUTHOR    = { Wendt, M. N. and Jacobs, P. A. and Stalker, R. J. },
   TITLE     = { Pressure generating effects in supersonic combustors. },
   BOOKTITLE = { Sixth Ram/Scramjet Symposium, Sendai, Japan. },
   EDITOR    = {},
   YEAR      = { 1996 },
   MONTH     = { February },
   PAGES     = { Paper IB-5 },
   PUBLISHER = {},
   ADDRESS   = {},
   ISBN      = {},
   ANNOTE    = {}
   }


@INPROCEEDINGS { wendt_etal_96e,
   AUTHOR    = { Wendt, M. N. and Jacobs, P. A. and Stalker, R. J. },
   TITLE     = { Design and testing of a modular scramjet vehicle. },
   BOOKTITLE = { 20th International Symposium on Space Technology
                 and Science, Gifu, Japan. },
   EDITOR    = {},
   YEAR      = { 1996 },
   MONTH     = { May },
   PAGES     = { Paper 96-a-2-12 },
   PUBLISHER = {},
   ADDRESS   = {},
   ISBN      = {},
   ANNOTE    = {}
   }


@TECHREPORT { austin_jacobs_96a,
   AUTHOR      = { Austin, K. J. and Jacobs, P. A. },
   TITLE       = { A {Newtonian} Solver for Hypersonic Flows. },
   INSTITUTION = { The University of Queensland },
   ADDRESS     = { Brisbane },
   YEAR        = { 1996 },
   MONTH       = { February },
   TYPE        = { {Department} {of} {Mechanical} {Engineering} {Report} },
   NUMBER      = { 5/96 },
   ANNOTE      = {}
   }


@TECHREPORT { kendall_etal_96a,
   AUTHOR      = { Kendall, M. A. and Morgan, R. G. and Jacobs, P. A. },
   TITLE       = { A compact, shock-assisted free-piston driver for impulse facilities. },
   INSTITUTION = { The University of Queensland },
   ADDRESS     = { Brisbane },
   YEAR        = { 1996 },
   MONTH       = { April },
   TYPE        = { {Department} of {Mechanical} {Engineering} {Report} },
   NUMBER      = { 9/96 },
   ANNOTE      = {}
   }


@TECHREPORT { jacobs_mee_96a,
   AUTHOR      = { Jacobs, P. A. and Mee, D. J. },
   TITLE       = { {E4350/E4351} Lecture Notes from 1995. },
   INSTITUTION = { The University of Queensland },
   ADDRESS     = { Brisbane },
   YEAR        = { 1996 },
   MONTH       = { January },
   TYPE        = { {Department} of {Mechanical} {Engineering} {Report} },
   NUMBER      = { 3/96 },
   ANNOTE      = {}
   }


@TECHREPORT { jacobs_macrossan_96a,
   AUTHOR      = { Jacobs, P. A. and Macrossan, M. N. },
   TITLE       = { {E4371} Lecture Notes from 1995. },
   INSTITUTION = { The University of Queensland },
   ADDRESS     = { Brisbane },
   YEAR        = { 1996 },
   MONTH       = { February },
   TYPE        = { {Department} of {Mechanical} {Engineering} {Report} },
   NUMBER      = { 4/96 },
   ANNOTE      = {}
   }


@TECHREPORT { johnston_jacobs_96a,
   AUTHOR      = { Johnston, I. A. and Jacobs, P. A. },
   TITLE       = { {SF2D}: a shock fitting and capturing solver for 
                   two-dimensional compressible flows. },
   INSTITUTION = { The University of Queensland },
   ADDRESS     = { Brisbane },
   YEAR        = { 1996 },
   MONTH       = { July },
   TYPE        = { {Department} of {Mechanical} {Engineering} {Report} },
   NUMBER      = { 6/96 },
   ANNOTE      = {}
   }


@INPROCEEDINGS { mcghee_jacobs_96a,
   AUTHOR    = { McGhee, A. M. and Jacobs, P. A. },
   TITLE     = { Parallel computation of hypervelocity flow. },
   BOOKTITLE = { Computational Techniques and Applications: CTAC95 },
   EDITOR    = { May, R. L. and Easton, A. K. },
   YEAR      = { 1996 },
   MONTH     = {},
   PAGES     = { 549--556 },
   PUBLISHER = { World Scientific },
   ADDRESS   = {},
   ISBN      = {},
   ANNOTE    = {}
   }


@TECHREPORT { jacobs_etal_96a,
   AUTHOR      = { Jacobs, P. A. and Macrossan, M. N. and Stalker, R. J. },
   TITLE       = { ARC Collaborative Research Grant, Final Report:
                   Effects of Scale on Scramjet Vehicles. },
   INSTITUTION = { The University of Queensland },
   ADDRESS     = { Brisbane },
   YEAR        = { 1996 },
   MONTH       = { September },
   TYPE        = { {Department} of {Mechanical} {Engineering} {Report} },
   NUMBER      = { 13/96 },
   ANNOTE      = {}
   }


@TECHREPORT { jacobs_96a,
   AUTHOR      = { Jacobs, P. A. },
   TITLE       = { {MB\_CNS}: A computer program for the simulation of
                   transient compressible flows. },
   INSTITUTION = { The University of Queensland },
   ADDRESS     = { Brisbane },
   YEAR        = { 1996 },
   MONTH       = { December },
   TYPE        = { {Department} of {Mechanical} {Engineering} {Report} },
   NUMBER      = { 10/96 },
   ANNOTE      = {}
   }


@INPROCEEDINGS { barker_etal_96z,
   AUTHOR    = { Barker, P. and Bishop, A. and Littleton, B. and 
                 Jacobs, P. A. and Rubinsztein-Dunlop, H. },
   TITLE     = { Flow tagging {LEI} velocimetry of supersonic flow. },
   BOOKTITLE = { First Australian Conference on Laser Diagnostics in
                 Fluid Mechanics and Combustion },
   EDITOR    = {},
   YEAR      = { 1996 },
   MONTH     = { December },
   PAGES     = { 192--197 },
   PUBLISHER = {},
   ADDRESS   = {},
   ISBN      = {},
   ANNOTE    = {}
   }

-------------------- 1997 -------------------------


@ARTICLE { kendall_etal_97a,
   AUTHOR  = { Kendall, M. A. and Morgan, R. G. and Jacobs, P. A. },
   TITLE   = { A compact, shock-assisted free-piston driver for 
               impulse facilities. },
   JOURNAL = { Shock Waves },
   YEAR    = { 1997 },
   VOLUME  = { 7 },
   NUMBER  = { 4 },
   PAGES   = { 219--230 },
   ANNOTE  = {}
   }


@ARTICLE { wendt_etal_97a,
   AUTHOR  = { Wendt, M. N. and Stalker, R. J. and Jacobs, P. A. },
   TITLE   = { Fuel stagnation temperature effects on mixing 
               with supersonic combustion flows. },
   JOURNAL = aiaajpp,
   YEAR    = { 1997 },
   VOLUME  = { 13 },
   NUMBER  = { 2 },
   PAGES   = { 274--280 },
   ANNOTE  = { was wendt_etal_96c }
   }


@ARTICLE { hope_etal_97a,
   AUTHOR  = { Hope, R. L. and Jacobs, P. A. and Roth, R. N. },
   TITLE   = { Rapid prototyping with sloping surfaces. },
   JOURNAL = { The Rapid Prototyping Journal },
   YEAR    = { 1997 },
   VOLUME  = { 3 },
   NUMBER  = { 1 },
   PAGES   = { 12--19 },
   ANNOTE  = {}
   }


@ARTICLE { hope_etal_97b,
   AUTHOR  = { Hope, R. L. and Roth, R. N. and Jacobs, P. A. },
   TITLE   = { Adaptive slicing with sloping layer surfaces. },
   JOURNAL = { The Rapid Prototyping Journal },
   YEAR    = { 1997 },
   VOLUME  = { 3 },
   NUMBER  = { 3 },
   PAGES   = { 89--98 },
   ANNOTE  = {}
   }


@INPROCEEDINGS { johnston_etal_97a,
   AUTHOR    = { Johnston, I. A. and Tuttle, S. L. and Jacobs, P. A. and
                 Shimoda, T. },
   TITLE     = { The numerical and experimental simulation of flow 
                 around the {HYFLEX} vehicle forebody. },
   BOOKTITLE = { 21st International Symposium on Shock Waves },
   EDITOR    = { A. Paull et al. },
   YEAR      = { 1997 },
   MONTH     = { July },
   SERIES    = { Paper 6980 },
   PUBLISHER = { World Scientific },
   ADDRESS   = { Singapore },
   ISBN      = {},
   ANNOTE    = {}
   }


@INPROCEEDINGS { hannemann_etal_97a,
   AUTHOR    = { Hannemann, K. and Jacobs, P. A. and
                 Austin, J. M. and Thomas, A. and McIntyre, T. J. },
   TITLE     = { Transient and steady-state flow in a small shock tube. },
   BOOKTITLE = { 21st International Symposium on Shock Waves },
   EDITOR    = { A. Paull et al. },
   YEAR      = { 1997 },
   MONTH     = { July },
   SERIES    = { Paper 2630 },
   PUBLISHER = { World Scientific },
   ADDRESS   = { Singapore },
   ISBN      = {},
   ANNOTE    = {}
   }


@TECHREPORT { austin_etal_97a,
   AUTHOR      = { Austin, J. M. and Jacobs, P. A. and Kong, M. C. and
                   Barker, P. and Gammie, R. and Littleton, B. N. },
   TITLE       = { The {Small} {Shock} {Tunnel} {Facility} at {UQ}. },
   INSTITUTION = { The University of Queensland },
   ADDRESS     = { Brisbane, Australia. },
   YEAR        = { 1997 },
   MONTH       = { July },
   TYPE        = { {Department} of {Mechanical} {Engineering} {Report} },
   NUMBER      = { 2/97 },
   ANNOTE      = { * SST with Mach 4 nozzle }
   }


@TECHREPORT { austin_etal_97b,
   AUTHOR      = { Austin, J. M. and White, S. and Jacobs, P. A.},
   TITLE       = { Pitot pressure survey of a {Mach} 7 conical nozzle
                   in the {Small} {Shock} {Tunnel} facility. },
   INSTITUTION = { The University of Queensland },
   ADDRESS     = { Brisbane, Australia. },
   YEAR        = { 1997 },
   MONTH       = { July },
   TYPE        = { {Department} of {Mechanical} {Engineering} {Report} },
   NUMBER      = { 4/97 },
   ANNOTE      = {}
   }



------------------ 1998 -------------------------


@ARTICLE { petrie_jacobs_98a,
   AUTHOR  = { Petrie-Repar, P. J. and Jacobs, P. A. },
   TITLE   = { A computational study of shock speeds in 
               high performance shock tubes. },
   JOURNAL = { Shock Waves },
   YEAR    = { 1998 },
   VOLUME  = { 8 },
   NUMBER  = { 2 },
   PAGES   = { 79-91 },
   ANNOTE  = { * Submitted November 1996 }
   }


@INPROCEEDINGS { johnston_etal_98a,
   AUTHOR    = { Johnston, I. A. and Jacobs, P. A. and Shimoda, T. },
   TITLE     = { A study of flush air data system calibration using
                 numerical simulation. },
   BOOKTITLE = { 8th International Space Planes and Hypersonic Systems 
                 and Technologies Conference },
   EDITOR    = {},
   YEAR      = { 1998 },
   MONTH     = { April },
   SERIES    = { AIAA-Paper-98-1606 },
   PUBLISHER = { A.I.A.A. },
   ADDRESS   = {},
   ISBN      = {},
   ANNOTE    = {}
   }


@ARTICLE { johnston_etal_98b,
   AUTHOR  = { Johnston, I. A. and Jacobs, P. A. and Shimoda, T. },
   TITLE   = { A study of flush air data system calibration using
                 numerical simulation. },
   JOURNAL = aiaajsr,
   YEAR    = { 1998 },
   VOLUME  = { 35 },
   NUMBER  = { 6 },
   PAGES   = {812--820 },
   ANNOTE  = {}
   }


@TECHREPORT { craddock_jacobs_98a,
   AUTHOR      = { Craddock, C. S. and Jacobs, P. A.},
   TITLE       = { A space-marching compressible flow solver with 
                   chemistry and optimisation {SM\_3D$^{PLUS}$}. },
   INSTITUTION = { The University of Queensland },
   ADDRESS     = { Brisbane, Australia. },
   YEAR        = { 1998 },
   MONTH       = { January },
   TYPE        = { {Department} of {Mechanical} {Engineering} {Report} },
   NUMBER      = { 6/98 },
   ANNOTE      = {}
   }


@TECHREPORT { jacobs_98a,
   AUTHOR      = { Jacobs, P. A. },
   TITLE       = { {MB\_CNS}: A computer program for the simulation of
                   transient compressible flows; {1998 Update}. },
   INSTITUTION = { The University of Queensland },
   ADDRESS     = { Brisbane },
   YEAR        = { 1998 },
   MONTH       = { June },
   TYPE        = { {Department} of {Mechanical} {Engineering} {Report} },
   NUMBER      = { 7/98 },
   NOTE        = {http://www.mech.uq.edu.au/cfcfd/},
   ANNOTE      = {}
   }


@TECHREPORT { craddock_etal_98a,
   AUTHOR      = { Craddock, C. S. and Jacobs, P. A. and Gammie, R. },
   TITLE       = { Operational instructions for the small shock tunnel
                   at UQ. },
   INSTITUTION = { The University of Queensland },
   ADDRESS     = { Brisbane, Australia. },
   YEAR        = { 1998 },
   MONTH       = { July },
   TYPE        = { {Department} of {Mechanical} {Engineering} {Report} },
   NUMBER      = { 8/98 },
   ANNOTE      = {}
   }


@INPROCEEDINGS { buttsworth_jacobs_98a,
   AUTHOR    = { Buttsworth, D. R. and Jacobs, P. A. },
   TITLE     = { Total temperature measurements in 
      a shock tunnel facility.},
   BOOKTITLE = { 13th Australasian Fluid Mechanics Conference },
   EDITOR    = { Thompson, M. C. and Hourigan, K. },
   YEAR      = { 1998 },
   MONTH     = { December },
   PAGES     = { 51--54 },
   PUBLISHER = {},
   ADDRESS   = { Melbourne },
   ISBN      = {},
   ANNOTE    = {}
   }


@INPROCEEDINGS { wendt_etal_98c,
   AUTHOR    = { Wendt, M. and Macrossan, M. and Jacobs, P. 
                 and Mee, D. },
   TITLE     = { Pilot study for a rarefied hypervelocity 
                 test facility.},
   BOOKTITLE = { 13th Australasian Fluid Mechanics Conference },
   EDITOR    = { Thompson, M. C. and Hourigan, K. },
   YEAR      = { 1998 },
   MONTH     = { December },
   PAGES     = { 59--62 },
   PUBLISHER = {},
   ADDRESS   = { Melbourne },
   ISBN      = {},
   ANNOTE    = {}
   }


@TECHREPORT { jacobs_98b,
   AUTHOR      = { Jacobs, P. A. },
   TITLE       = { {E4271} lecture notes from 1998. },
   INSTITUTION = { The University of Queensland },
   ADDRESS     = { Brisbane, Australia. },
   YEAR        = { 1998 },
   MONTH       = { September },
   TYPE        = { {Department} of {Mechanical} {Engineering} {Report} },
   NUMBER      = { 12/98 },
   ANNOTE      = {}
   }


@TECHREPORT { jacobs_98c,
   AUTHOR      = { Jacobs, P. A. },
   TITLE       = { Shock tube modelling with {L1d}. },
   INSTITUTION = { The University of Queensland },
   ADDRESS     = { Brisbane, Australia. },
   YEAR        = { 1998 },
   MONTH       = { November },
   TYPE        = { {Department} of {Mechanical} {Engineering} {Report} },
   NUMBER      = { 13/98 },
   ANNOTE      = {}
   }

-------------------- 1999 ------------------------

@TECHREPORT { jacobs_99a,
   AUTHOR      = { Jacobs, P. A. },
   TITLE       = { L1d: a computer program for the simulation of
                   transient-flow facilities. },
   INSTITUTION = { The University of Queensland },
   ADDRESS     = { Brisbane, Australia. },
   YEAR        = { 1999 },
   MONTH       = { January },
   TYPE        = { {Department} of {Mechanical} {Engineering} {Report} },
   NUMBER      = { 1/99 },
   NOTE        = { http://www.mech.uq.edu.au/cfcfd/ },
   ANNOTE      = {}
   }

@ARTICLE { jacobs_craddock_99a,
   AUTHOR  = { Jacobs, P. A. and Craddock, C. S. },
   TITLE   = { Simulation and optimization of heated, inviscid flows 
                 in scramjet ducts. },
   JOURNAL = aiaajpp,
   YEAR    = { 1999 },
   MONTH   = { Jan-Feb },
   VOLUME  = { 15 },
   NUMBER  = { 1 },
   PAGES   = { 73--81 },
   ANNOTE  = { * submitted March 1996, 
               * was indexed as jacobs_craddock_97a }
   }

@ARTICLE { wendt_etal_99a,
   AUTHOR  = { Wendt, M. N. and Jacobs, P. A. and Stalker, R. J. },
   TITLE   = { Displacement effects and scaling of ducted supersonic flames. },
   JOURNAL = { Combustion and Flame },
   YEAR    = { 1999 },
   VOLUME  = { 116 },
   NUMBER  = {},
   PAGES   = { 593--604 },
   ANNOTE  = { was wendt_etal_96b, 98a }
   }

@ARTICLE {johnston_etal_99a,
   AUTHOR  = { Johnston, I. A. and Tuttle, S. L. and Jacobs, P. A. and
               Shimoda, T. },
   TITLE   = { The numerical and experimental simulation of hypervelocity 
               flow around the {HYFLEX} vehicle forebody. },
   JOURNAL = { Shock Waves },
   YEAR    = { 1999 },
   VOLUME  = { 9 },
   NUMBER  = { 1 },
   PAGES   = { 57--67 },
   ANNOTE  = { was johnston_etal_98c
               continuation of johnston_etal_97a }
   }

@INPROCEEDINGS { mcintyre_etal_99a,
   AUTHOR    = { McIntyre, T. J. and Jacobs, P. A. and Bishop, A. I. and
                 Boyce, R. R. },
   TITLE     = { Experimental and numerical studies of super-orbital 
                 ionising flows. },
   BOOKTITLE = { 22nd International Symposium on Shock Waves },
   EDITOR    = {},
   YEAR      = { 1999 },
   MONTH     = { July },
   SERIES    = { Paper 1350 },
   PUBLISHER = { Imperial College },
   ADDRESS   = { London, UK },
   ISBN      = {},
   ANNOTE    = {}
   }

@INPROCEEDINGS { faddy_jacobs_99a,
   AUTHOR    = { Faddy, J. M. and Jacobs, P. A. },
   TITLE     = { One-dimensional modelling of diaphragm rupture 
                 within shock tubes. },
   BOOKTITLE = { Proceedings of the Third International Workshop on 
                 Shock Wave - Vortex Interaction },
   EDITOR    = { Higashino, F. and Takayama, K. and Timofeev, E. V. },
   YEAR      = { 1999 },
   MONTH     = { September },
   PAGES     = { 15--24 },
   PUBLISHER = { Shock Wave Research Center, Institute of Fluid Science, 
                 Tohoku University },
   ADDRESS   = { Sendai, Japan },
   ISBN      = {},
   ANNOTE    = { workshop on 12-14 September }
   }

@INPROCEEDINGS { mcghee_etal_99a,
   AUTHOR    = { McGhee, A. M. and Goozee, R. J. and Jacobs, P. A. },
   TITLE     = { Implementation of a workstation cluster for compressible
                 flow simulation. },
   BOOKTITLE = { IEEE International Workshop on Cluster Computing },
   EDITOR    = {},
   YEAR      = { 1999 },
   MONTH     = { December },
   PAGES     = {},
   PUBLISHER = {},
   ADDRESS   = { Melbourne },
   ISBN      = {},
   ANNOTE    = { Also available as Report 99/3 from Dept Mech Eng }
   }

@TECHREPORT { jacobs_99b,
   AUTHOR      = { Jacobs, P. A. },
   TITLE       = { Lecture notes for the dynamics component of
                   {9E101 (Applied Mechanics)}. },
   INSTITUTION = { The University of Queensland },
   ADDRESS     = { Brisbane, Australia. },
   YEAR        = { 1999 },
   MONTH       = { December },
   TYPE        = { {Department} of {Mechanical} {Engineering} {Report} },
   NUMBER      = { 4/99 },
   ANNOTE      = {}
   }

-------------------- 2000 ------------------------

@TECHREPORT { jacobs_2000a,
   AUTHOR      = { Jacobs, P. A. },
   TITLE       = { {IMOC}: interactive method-of-characteristics
                   for two-dimensional supersonic flow. },
   INSTITUTION = { The University of Queensland },
   ADDRESS     = { Brisbane, Australia. },
   YEAR        = { 2000 },
   MONTH       = { February },
   TYPE        = { {Department} of {Mechanical} {Engineering} {Report} },
   NUMBER      = { 2000/03 },
   ANNOTE      = {}
   }

@INPROCEEDINGS { stewart_etal_2000a,
   AUTHOR    = { Stewart, B. and Morgan, R. G. and Jacobs, P. A. 
                 and Jenkins, D. M. },
   TITLE     = { The {RHYFL} facility as a high performance expansion tube
                 for scramjet testing. },
   BOOKTITLE = { 21st AIAA Aerodynamic Measurement Technology and 
                 Ground Testing Conference},
   EDITOR    = {},
   YEAR      = { 2000 },
   MONTH     = { June },
   SERIES    = { AIAA-Paper-2000-2595 },
   PUBLISHER = {},
   ADDRESS   = {},
   ISBN      = {},
   ANNOTE    = {}
   }

@INPROCEEDINGS { buttsworth_jacobs_2000a,
   AUTHOR    = { Buttsworth, D. R. and Jacobs, P. A. },
   TITLE     = { Measurement of fluctuations in a {Mach} 4 
                 shock tunnel nozzle flow. },
   BOOKTITLE = { Heat and Mass Transfer Australasia 2000:
                 Proceedings of the Seventh Australasian Heat and Mass Transfer Conference },
   EDITOR    = { Brassington, G. B. and Patterson, J. C. },
   YEAR      = { 2000 },
   MONTH     = { July },
   PAGES     = { 53--59 },
   PUBLISHER = { Chalkface Press },
   ADDRESS   = { Western Australia },
   ISBN      = {},
   ANNOTE    = {}
   }

@TECHREPORT { goozee_jacobs_2000a,
   AUTHOR      = { Goozee, R. J. and Jacobs, P. A. },
   TITLE       = { Parallel Computing for Compressible Flow {CFD} 1.
                   Survey of Hardware and Software. },
   INSTITUTION = { The University of Queensland },
   ADDRESS     = { Brisbane, Australia. },
   YEAR        = { 2000 },
   MONTH       = { December },
   TYPE        = { {Department} of {Mechanical} {Engineering} {Report} },
   NUMBER      = { 2000/07 },
   ANNOTE      = {}
   }

@TECHREPORT { goozee_jacobs_2000b,
   AUTHOR      = { Goozee, R. J. and Jacobs, P. A. },
   TITLE       = { Parallel Computing for Compressible Flow {CFD} 2.
                   Comparison of {MPI}, {BSP} and {OpenMP}. },
   INSTITUTION = { The University of Queensland },
   ADDRESS     = { Brisbane, Australia. },
   YEAR        = { 2000 },
   MONTH       = { December },
   TYPE        = { {Department} of {Mechanical} {Engineering} {Report} },
   NUMBER      = { 2000/08 },
   ANNOTE      = {}
   }

-------------------- 2001 ------------------------

@ARTICLE { stewart_etal_2001a,
   AUTHOR  = { Stewart, B. S. and Morgan, R. G. and Jacobs, P. A. },
   TITLE   = { RocketDyne Hypersonic Flow Laboratory as
               High Performance Expansion Tube for Scramjet Testing. },
   JOURNAL = aiaajpp,
   YEAR    = { 2003 },
   VOLUME  = { 19 },
   NUMBER  = { 1 },
   PAGES   = { 98--103 },
   ANNOTE  = { identical entry to stewart_etal_2003a }
   }

@ARTICLE { craddock_jacobs_2001a,
   AUTHOR      = { Craddock, C. S. and Jacobs, P. A. },
   TITLE       = { Parabolized {Navier}-{Stokes} Solver for Nonequilibrium
                   Chemically Reacting Hypersonic Flows. },
   JOURNAL = {Advances in Engineering Software},
   YEAR    = { 2003 },
   MONTH   = { },
   VOLUME  = { submitted June 2002, being revised },
   NUMBER  = {},
   PAGES   = {},
   ANNOTE  = {}
   }

@ARTICLE { buttsworth_etal_2001a,
   AUTHOR  = { Buttsworth, D. R. and Jacobs, P. A. and Jones, T. V. },
   TITLE   = { Simulation of {Oxford} {University} {Gun} {Tunnel} performance
               using a quasi-one-dimensional model. },
   JOURNAL = { Shock Waves },
   YEAR    = { 2002 },
   VOLUME  = { 11 },
   NUMBER  = {},
   PAGES   = { 377--383 },
   ANNOTE  = { duplicate of buttsworth_etal_2002a }
   }

@INPROCEEDINGS { austin_jacobs_2001a,
   AUTHOR    = { Austin, K. J. and Jacobs, P. A. },
   TITLE     = { Application of Genetic Algorithms to Hypersonic Flight Control. },
   BOOKTITLE = { Proceedings of the IFSA/NAFIPS Conference },
   EDITOR    = {},
   YEAR      = { 2001 },
   MONTH     = { July },
   PAGES     = {},
   PUBLISHER = {},
   ADDRESS   = {},
   ISBN      = {},
   ANNOTE    = {}
   }

@INPROCEEDINGS { stewart_etal_2001b,
   AUTHOR    = { Stewart, B. S. and Jacobs, P. A. and Morgan, R. G. },
   TITLE     = { The starting process of an expansion tube nozzle. },
   BOOKTITLE = { 23rd International Symposium on Shock Waves },
   EDITOR    = {},
   YEAR      = { 2001 },
   MONTH     = { July },
   SERIES    = { Paper 5456 },
   PUBLISHER = {},
   ADDRESS   = {},
   ISBN      = {},
   ANNOTE    = {}
   }

@INPROCEEDINGS { stewart_etal_2001c,
   AUTHOR    = { Stewart, B. S. and Morgan, R. G. and Jacobs, P. A. and 
                 Austin, K. J. and Jenkins, D. M. },
   TITLE     = { Establishment of test conditions in the {RHYFL-X} facility. },
   BOOKTITLE = { 37th AIAA/ASMESAE/ASEE Joint Proplusion Conference and
                 Exhibition },
   EDITOR    = {},
   YEAR      = { 2001 },
   MONTH     = { July },
   SERIES    = { AIAA-Paper-2001-4843 },
   PUBLISHER = {},
   ADDRESS   = {},
   ISBN      = {},
   ANNOTE    = {}
   }

@INPROCEEDINGS { austin_jacobs_2001b,
   AUTHOR    = { Austin, K. J. and Jacobs, P. A. },
   TITLE     = { Can trained monkeys design flight controllers 
                 for hypersonic vehicles? },
   BOOKTITLE = { The 10th Biennial Computational Techniques
                 and Applications Conference },
   EDITOR    = {},
   YEAR      = { 2001 },
   MONTH     = { July },
   PAGES     = {},
   PUBLISHER = {},
   ADDRESS   = {},
   ISBN      = {},
   ANNOTE    = {}
   }

@INPROCEEDINGS { goozee_jacobs_2001a,
   AUTHOR    = { Goozee, R. J. and Jacobs, P. A. },
   TITLE     = { Comparison of parallelism using {OpenMP} and {MPI}
                 with smoothed particle hydrodynamics. },
   BOOKTITLE = { The 10th Biennial Computational Techniques
                 and Applications Conference },
   EDITOR    = {},
   YEAR      = { 2001 },
   MONTH     = { July },
   PAGES     = {},
   PUBLISHER = {},
   ADDRESS   = {},
   ISBN      = {},
   ANNOTE    = {}
   }

@INPROCEEDINGS { abdeljawad_etal_2001a,
   AUTHOR    = { Abdel-Jawad, M. M. and Mee, D. J. and Morgan, R. G. and
                 Jacobs, P. A. and Philpot, J. A. },
   TITLE     = { Transient force measurement at superorbital re-entry speeds. },
   BOOKTITLE = { 23rd International Symposium on Shock Waves },
   EDITOR    = {},
   YEAR      = { 2001 },
   MONTH     = { July },
   SERIES    = { Paper 5358 },
   PUBLISHER = {},
   ADDRESS   = {},
   ISBN      = {},
   ANNOTE    = {}
   }

@TECHREPORT { mcintyre_etal_2001a,
   AUTHOR      = { McIntyre, T. J. and Lourel, I. and Eichmann, T. N. and
                   Morgan, R. G. and Jacobs, P. A. and Bishop, A. I. },
   TITLE       = { An experimental expansion tube study of the flow over a
                   toroidal ballute. },
   INSTITUTION = { The University of Queensland },
   ADDRESS     = { Brisbane, Australia. },
   YEAR        = { 2001 },
   MONTH       = { November },
   TYPE        = { {Department} of {Mechanical} {Engineering} {Report} },
   NUMBER      = { 2001/06 },
   ANNOTE      = {}
   }

@ARTICLE { austin_jacobs_2001c,
   AUTHOR  = { Austin, K. J. and Jacobs, P. A. },
   TITLE   = { An adaptive range mutation operator for real-coded
               genetic algorithms. },
   JOURNAL = { Evolutionary Computation },
   YEAR    = { 2003 },
   VOLUME  = { submitted September 2001, being revised },
   NUMBER  = {},
   PAGES   = {},
   ANNOTE  = {}
   }

@INPROCEEDINGS { goozee_jacobs_2001b,
   AUTHOR  = { Goozee, R. J. and Jacobs, P. A. },
   TITLE   = { Computational modelling of hypersonic flows involving
               fluid interfaces. },
   BOOKTITLE = { HPC Asia 2001 },
   EDITOR    = {},
   YEAR      = { 2001 },
   MONTH     = { September },
   SERIES    = { poster presentation },
   PUBLISHER = {},
   ADDRESS   = {},
   ISBN      = {},
   ANNOTE    = {}
   }

---------------------- 2002 ----------------------

@TECHREPORT { jacobs_2002a,
   AUTHOR      = { Jacobs, P. A. },
   TITLE       = { {TDS} - Shock Tunnel Data Server and Browser. },
   INSTITUTION = { The University of Queensland },
   ADDRESS     = { Brisbane, Australia. },
   YEAR        = { 2002 },
   MONTH       = { January },
   TYPE        = { {Department} of {Mechanical} {Engineering} {Report} },
   NUMBER      = { 2002/08 },
   NOTE        = { URL http://www.mech.uq.edu.au/cfcfd/ },
   ANNOTE      = {}
   }

@ARTICLE { wheatley_etal_2002a,
   AUTHOR  = { Wheatley, V. and Chiu, S. and Jacobs, P. A. and 
               Macrossan, M. N. and Mee, D. J. and Morgan, R. G.},
   TITLE   = { Rarefied, superorbital flows in an expansion tube. },
   JOURNAL = { International Journal of Numerical Methods for Heat and 
               Fluid Flow },
   YEAR    = { 2004 },
   VOLUME  = { 14 },
   NUMBER  = { 4 },
   PAGES   = { 512--537 },
   ANNOTE  = { identical to wheatley_etal_2004a }
   }

@ARTICLE { buttsworth_etal_2002a,
   AUTHOR  = { Buttsworth, D. R. and Jacobs, P. A. and Jones, T. V. },
   TITLE   = { Simulation of {Oxford} {University} {Gun} {Tunnel} performance
               using a quasi-one-dimensional model. },
   JOURNAL = { Shock Waves },
   YEAR    = { 2002 },
   VOLUME  = { 11 },
   NUMBER  = {},
   PAGES   = { 377--383 },
   ANNOTE  = { duplicate of buttsworth_etal_2001a }
   }

@ARTICLE { mcintyre_etal_2002a,
   AUTHOR  = { McIntyre, T. J. and Lourel, I. and Eichmann, T. N. and
               Morgan, R. G. and Jacobs, P. A. and Bishop, A. I. },
   TITLE   = { An experimental expansion tube study of the flow over 
               a toroidal ballute. },
   JOURNAL = aiaajsr,
   YEAR    = { 2004 },
   VOLUME  = { 41 },
   NUMBER  = { 5 },
   PAGES   = { 716--725 },
   ANNOTE  = { identical to mcintyre_etal_2004a }
   }

@INPROCEEDINGS { stewart_etal_2002a,
   AUTHOR    = { Stewart, B. and Hayne, M. and Jacobs, P. and Morgan, R. G.},
   TITLE     = { Flow establishment in large-scale high-performance
                 expansion tubes. },
   BOOKTITLE = { AIAA/AAAF 11th International Space Planes and
                 Hypersonic Systems and Technologies Conference },
   EDITOR    = {},
   YEAR      = { 2002 },
   MONTH     = { September },
   SERIES    = { AIAA-Paper-2002-5239 },
   PUBLISHER = {},
   ADDRESS   = {},
   ISBN      = {},
   ANNOTE    = {}
   }

@INPROCEEDINGS { goozee_etal_2002a,
   AUTHOR    = { Gooz\'{e}e, R. J. and Buttsworth, D. R. and Jacobs, P. A. },
   TITLE     = { Numerical simulation of fluctuations in 
                 a shock tunnel flow. },
   BOOKTITLE = { Computational Fluid Dynamics 2002 },
   EDITOR    = { Armfield, S. and Morgan, P. and Srinivas, K. },
   YEAR      = { 2002 },
   MONTH     = { July },
   PAGES     = { 611--616 },
   PUBLISHER = { Springer-Verlag },
   ADDRESS   = {},
   ISBN      = {},
   ANNOTE    = {}
   }

@INPROCEEDINGS { goozee_jacobs_2002a,
   AUTHOR    = { Gooz\'{e}e, R. J. and Jacobs, P. A. },
   TITLE     = { Parallelism for simulations of an entire shock tunnel facility. },
   BOOKTITLE = { Computational Fluid Dynamics 2002 },
   EDITOR    = { Armfield, S. and Morgan, P. and Srinivas, K. },
   YEAR      = { 2002 },
   MONTH     = { July },
   PAGES     = { 769--770 },
   PUBLISHER = { Springer-Verlag },
   ADDRESS   = {},
   ISBN      = {},
   ANNOTE    = {}
   }

@INPROCEEDINGS { gardner_etal_2002a,
   AUTHOR    = { Gardner, A. D. and Weiland, M. and Jacobs, P. A. and
                 Hannemann, K. },
   TITLE     = { Extension of the {HEG} operating conditions for the 
                 {SHEFEX} flight experiment. },
   BOOKTITLE = { Thirteenth DGLR-Fach-Symposium der STAB },
   EDITOR    = {},
   YEAR      = { 2002 },
   MONTH     = { November },
   PAGES     = {},
   PUBLISHER = {},
   ADDRESS   = {},
   ISBN      = {},
   ANNOTE    = {}
   }

@INPROCEEDINGS { rohde_etal_2002a,
   AUTHOR    = { Rohde, A. H. and Pienaar, G. L. and Veidt, M. and
                 Jacobs, P. A. and Murdoch, B. E. and Gooz\'{e}e, J. V. and
                 Scott, D. and Meyers, I. A. },
   TITLE     = { Development and application of a pressure sensing 
                 electropalatograph. },
   BOOKTITLE = { Proceedings of the 9th Australian International Conference
                 on Speech Science \& Technology },
   EDITOR    = {},
   YEAR      = { 2002 },
   MONTH     = { December },
   PAGES     = {},
   PUBLISHER = { Australian Speech Science \& Technology Association Inc. },
   ADDRESS   = {},
   ISBN      = {},
   ANNOTE    = {}
   }

@BOOK { pemberton_etal_2002a,
   AUTHOR    = { Pemberton, M. and Turner, I. and Jacobs (Editors), P. },
   TITLE     = { Proceedings 5th Biennial Engineering Mathematics 
                 and Applications Conference },
   PUBLISHER = { The Institution of Engineers Australia },
   ADDRESS   = {},
   YEAR      = { 2002 },
   ISBN      = { ISSN 1447-378X },
   ANNOTE    = {* Ross really did the editorial work for this. }
   }


------------------- 2003 ---------------------

@TECHREPORT { jacobs_gardner_2003a,
   AUTHOR      = { Jacobs, P. A. and Gardner, A. D. and Hannemann, K. },
   TITLE       = { Gas-dynamic modelling of the {HEG} shock tunnel. },
   INSTITUTION = { Deutsches Zentrum f\"{u}r Luft- und Raumfahrt E.V. },
   ADDRESS     = { G\"{o}ttingen, Germany },
   YEAR        = { 2003 },
   MONTH       = { January },
   TYPE        = { Report },
   NUMBER      = { DLR-IB 224-2003 A02 },
   ANNOTE      = {}
   }


@ARTICLE { austin_jacobs_2003a,
   AUTHOR  = { Austin, K. J. and Jacobs, P. A. },
   TITLE   = { Can trained monkeys design flight controllers 
                 for hypersonic vehicles? },
   JOURNAL = { Australian \& New Zealand Industrial and 
               Applied Mathematics Journal },
   YEAR    = { 2003 },
   VOLUME  = { 44 },
   NUMBER  = { E },
   PAGES   = { C40--C60 },
   ANNOTE  = {}
   }

@ARTICLE { goozee_jacobs_2003a,
   AUTHOR  = { Gooz\'{e}e, R. J. and Jacobs, P. A. },
   TITLE   = { Distributed and shared memory parallelism with a smoothed particle
               hydrodynamics code. },
   JOURNAL = { Australian \& New Zealand Industrial and 
               Applied Mathematics Journal },
   YEAR    = { 2003 },
   VOLUME  = { 44 },
   NUMBER  = { E },
   PAGES   = { C202--C228 },
   ANNOTE  = {}
   }

@ARTICLE { stewart_etal_2003a,
   AUTHOR  = { Stewart, B. S. and Morgan, R. G. and Jacobs, P. A. },
   TITLE   = { RocketDyne Hypersonic Flow Laboratory as
               High Performance Expansion Tube for Scramjet Testing. },
   JOURNAL = aiaajpp,
   YEAR    = { 2003 },
   VOLUME  = { 19 },
   NUMBER  = { 1 },
   PAGES   = { 98--103 },
   ANNOTE  = { identical entry to stewart_etal_2001a }
   }

@TECHREPORT { jacobs_2003a,
   AUTHOR      = { Jacobs, P. A. },
   TITLE       = { Tunnel-data server: Data format, archive maintenance
                   and access protocol. },
   INSTITUTION = { The University of Queensland },
   ADDRESS     = { Brisbane, Australia. },
   YEAR        = { 2003 },
   MONTH       = { May },
   TYPE        = { {Department} of {Mechanical} {Engineering} {Report} },
   NUMBER      = { 2003/06 },
   ANNOTE      = {}
   }

@TECHREPORT { stewart_etal_2003b,
   AUTHOR      = { Stewart, B. S. and Jacobs, P. A. and Morgan, R. G. },
   TITLE       = { Finite-rate chemistry simulations of the {X2} expansion tube. },
   INSTITUTION = { The University of Queensland },
   ADDRESS     = { Brisbane, Australia. },
   YEAR        = { 2003 },
   MONTH       = { September },
   TYPE        = { {Department} of {Mechanical} {Engineering} {Report} },
   NUMBER      = { 2003/10 },
   ANNOTE      = {}
   }

@ARTICLE { gardner_etal_2003a,
   AUTHOR    = { Gardner, A. D. and and Jacobs, P. A. and Hannemann, K. },
   TITLE     = { End-to-End modelling and design of a new operating condition 
                 for {HEG}. },
   JOURNAL = { Notes on Numerical Fluid Mechanics },
   YEAR    = { 2003 },
   VOLUME  = { 87 },
   NUMBER  = { accepted },
   PAGES   = {},
   PUBLISHER = { Springer },
   ANNOTE  = { superceded by gardner_etal_2004a }
   }

@INPROCEEDINGS { gollan_etal_2003a,
   AUTHOR    = { Gollan, R. J. and Jacobs, P. A. and Karl, S. and Smith, S. C. },
   TITLE     = { Numerical Modelling of Radiating Superorbital Flows. },
   BOOKTITLE = { Computational Techniques and Applications Conference CTAC2003},
   EDITOR    = {},
   YEAR      = { 2003 },
   MONTH     = { July },
   PAGES     = { },
   PUBLISHER = {},
   ADDRESS   = { Sydney },
   ISBN      = {},
   ANNOTE    = { precursor to gollan_etal_2004a }
   }

@TECHREPORT { gollan_jacobs_2003a,
   AUTHOR      = { Gollan, R. J. and Jacobs, P. A. },
   TITLE       = { Numerical Modelling of Radiating Superorbital Flows: with
                   detailed governing equations. },
   INSTITUTION = { The University of Queensland },
   ADDRESS     = { Brisbane, Australia. },
   YEAR        = { 2003 },
   MONTH       = { December },
   TYPE        = { {Department} of {Mechanical} {Engineering} {Report} },
   NUMBER      = { 2003/26 },
   ANNOTE      = {}
   }

@INPROCEEDINGS { mundt_etal_2003a,
   AUTHOR    = { Mundt, Ch. and Jacobs, P. and Boyce, R. and Hannemann, K. },
   TITLE     = { A comparative study of piston-driven shock-tunnels. },
   BOOKTITLE = { Deutscher Luft- und Raumfahrtkongress },
   EDITOR    = {},
   YEAR      = { 2003 },
   MONTH     = { November },
   SERIES    = { Paper DGLR-JT-2003-74 },
   PUBLISHER = {},
   ADDRESS   = { M\"{u}nchen },
   ISBN      = {},
   ANNOTE    = {}
   }

@TECHREPORT { jacobs_2003b,
   AUTHOR      = { Jacobs, P. A. },
   TITLE       = { Calibration of a simulation model of the {T4} shock tunnel.. },
   INSTITUTION = { The University of Queensland },
   ADDRESS     = { Brisbane, Australia. },
   YEAR        = { 2003 },
   MONTH       = { December },
   TYPE        = { {Department} of {Mechanical} {Engineering} {Report} },
   NUMBER      = { 2003/25 },
   ANNOTE      = {}
   }

@ARTICLE { goozee_etal_2003a,
   AUTHOR  = { Gooz\'{e}e, R. J. and Jacobs, P. A. and Buttsworth, D. R. },
   TITLE   = { Simulation of a complete reflected-shock tunnel showing a new
               mechanism for flow contamination. },
   JOURNAL = { Shock Waves },
   YEAR    = { 2005 },
   VOLUME  = { submitted },
   NUMBER  = {},
   PAGES   = {},
   ANNOTE  = { same as goozee_etal_2003a }
   }

------------------- 2004 ---------------------

@TECHREPORT { mee_etal_2004a,
   AUTHOR      = { Mee, D. J. and Chiu, H. S. and Jacobs, P. A. },
   TITLE       = { The average pressure on a flat-faced circular cylinder
                   in supersonic and hypersonic flows. },
   INSTITUTION = { The University of Queensland },
   ADDRESS     = { Brisbane, Australia. },
   YEAR        = { 2004 },
   MONTH       = { January },
   TYPE        = { {Department} of {Mechanical} {Engineering} {Report} },
   NUMBER      = { 2004/01 },
   ANNOTE      = {}
   }

@TECHREPORT { mee_etal_2004b,
   AUTHOR      = { Mee, D. J. and Jacobs, P. A. and Reddy, K. P. J. and 
                   Rajakumar, B. and  Arunan, E. },
   TITLE       = { Simulation of the performance of the {IISc} chemical kinetics
                   shock tube. },
   INSTITUTION = { The University of Queensland },
   ADDRESS     = { Brisbane, Australia. },
   YEAR        = { 2004 },
   MONTH       = { January },
   TYPE        = { {Department} of {Mechanical} {Engineering} {Report} },
   NUMBER      = { 2004/01 },
   ANNOTE      = { same as mee_etal_2004c }
   }

@TECHREPORT { mee_etal_2004c,
   AUTHOR      = { Mee, D. J. and Jacobs, P. A. and Reddy, K. P. J. and 
                   Rajakumar, B. and  Arunan, E. },
   TITLE       = { Simulation of the performance of the {IISc} chemical kinetics
                   shock tube. },
   INSTITUTION = { Indian Institute of Science },
   ADDRESS     = { Bangalore, India. },
   YEAR        = { 2004 },
   MONTH       = { January },
   TYPE        = { {Research} {Report} },
   NUMBER      = { 2004 HTCKL1 },
   ANNOTE      = { same as mee_etal_2004b }
   }

@ARTICLE { wheatley_etal_2004a,
   AUTHOR  = { Wheatley, V. and Chiu, S. and Jacobs, P. A. and 
               Macrossan, M. N. and Mee, D. J. and Morgan, R. G.},
   TITLE   = { Rarefied, superorbital flows in an expansion tube. },
   JOURNAL = { International Journal of Numerical Methods for Heat and 
               Fluid Flow },
   YEAR    = { 2004 },
   VOLUME  = { 14 },
   NUMBER  = { 4 },
   PAGES   = { 512--537 },
   ANNOTE  = { identical to wheatley_etal_2002a }
   }

@ARTICLE { gollan_etal_2004a,
   AUTHOR    = { Gollan, R. J. and Jacobs, P. A. and Karl, S. and Smith, S. C. },
   TITLE     = { Numerical Modelling of Radiating Superorbital Flows. },
   JOURNAL = { Australian \& New Zealand Industrial and 
               Applied Mathematics Journal },
   YEAR    = { 2004 },
   VOLUME  = { 45 },
   NUMBER  = {},
   PAGES   = { C248--C268 },
   ANNOTE  = { journal version of gollan_etal_2003a }
   }

@INPROCEEDINGS { gardner_etal_2004a,
   AUTHOR    = { Gardner, A. D. and Jacobs, P. A. and Hannemann, K. },
   TITLE     = { End-to-End Modelling and Design of a New Operating 
                 Condition for {HEG}. },
   BOOKTITLE = { New Results in Numerical and Experimental Fluid Mechanics IV.
                 Contributions to the 13th STAB/DGLR Symposium Munich, Germany. },
   EDITOR    = { Breitsanter, C. and Laschka, B. and Heinemann, H. -J. and
                 Hilbig, R. },
   YEAR      = { 2004 },
   MONTH     = { },
   PAGES     = { 220--228 },
   PUBLISHER = { Springer },
   ADDRESS   = {},
   ISBN      = { 3-540-20258-7 },
   ANNOTE    = { refereed and revised version of gardner_etal_2002a }
   }

@INPROCEEDINGS { jacobs_etal_2004a,
   AUTHOR    = { Jacobs, P. A. and Gardner, A. D. and Buttsworth, D. R. and
                 Martinez-Schramm, J. and Karl, S. and Hannemann, K. },
   TITLE     = { End-to-End Modelling of the {HEG} Shock Tunnel. },
   BOOKTITLE = { 24th International Symposium on Shock Waves, Beijing, China },
   EDITOR    = { Jiang },
   YEAR      = { 2004 },
   MONTH     = { July },
   PAGES     = {},
   PUBLISHER = { Springer },
   ADDRESS   = {},
   ISBN      = {},
   ANNOTE    = {}
   }

@INPROCEEDINGS { scott_etal_2004a,
   AUTHOR    = { Scott, M. P. and Jacobs, P. A. and Morgan, R. G. },
   TITLE     = { Nozzle development for an Expansion Tunnel. },
   BOOKTITLE = { 24th International Symposium on Shock Waves, Beijing, China },
   EDITOR    = { Jiang },
   YEAR      = { 2004 },
   MONTH     = { July },
   PAGES     = {},
   PUBLISHER = { Springer },
   ADDRESS   = {},
   ISBN      = {},
   ANNOTE    = {}
   }

@INPROCEEDINGS { silvester_etal_2004a,
   AUTHOR    = { Silvester, T. B. and Morgan, R. G. and Jacobs, P. A. },
   TITLE     = { Skin Friction Measurements in a Duct in 
                 the {X3} Superorbital Expansion Tube. },
   BOOKTITLE = { 40th AIAA/ASME/SAE/ASEE Joint Propulsion Conference and Exhibit },
   EDITOR    = {},
   YEAR      = { 2004 },
   MONTH     = { July },
   SERIES    = { AIAA-Paper-2004-3551 },
   ADDRESS   = {},
   ISBN      = {},
   ANNOTE    = {}
   }

@INPROCEEDINGS { mee_etal_2004d,
   AUTHOR    = { Mee, D. J. and Jacobs, P. A. and Reddy, K. P. J. and 
                 Rajakumar, B. and Arunan, E. },
   TITLE     = { Simulation of the performance of a shock tube for 
                 studying chemical kinetics. },
   BOOKTITLE = { 9th International Workshop on Shock Tube Technology },
   EDITOR    = {},
   YEAR      = { 2004 },
   MONTH     = { September },
   PAGES     = {},
   PUBLISHER = {},
   ADDRESS   = { Woomera },
   ISBN      = {},
   ANNOTE    = {}
   }

@INPROCEEDINGS { raghunath_etal_2004a,
   AUTHOR    = { Raghunath, S. and Mee, D. J. and R\"{o}sgen, T. and Jacobs, P. A. },
   TITLE     = { Flow visualization in the {Drummond} shock tunnel, using the
                 background oriented {Schlieren} ({BOS}) technique. },
   BOOKTITLE = { A.I.A.A. Student Conference },
   EDITOR    = {},
   YEAR      = { 2004 },
   MONTH     = { September },
   PAGES     = {},
   PUBLISHER = {},
   ADDRESS   = { Sydney },
   ISBN      = {},
   ANNOTE    = {}
   }

@INPROCEEDINGS { gollan_jacobs_2004a,
   AUTHOR    = { Gollan, R. J. and Jacobs, P. A. },
   TITLE     = { Computations of Expansion Tube Flows for the Simulation of
                 Planetary Entry. },
   BOOKTITLE = { Computational Techniques and Applications Conference },
   EDITOR    = {},
   YEAR      = { 2004 },
   MONTH     = { September },
   PAGES     = {},
   PUBLISHER = {},
   ADDRESS   = {},
   ISBN      = {},
   ANNOTE    = {}
   }

@TECHREPORT { jacobs_2004a,
   AUTHOR      = { Jacobs, P. A. },
   TITLE       = { {MB\_CNS} Example Book. },
   INSTITUTION = { The University of Queensland },
   ADDRESS     = { Brisbane, Australia. },
   YEAR        = { 2004 },
   MONTH       = { September },
   TYPE        = { {Department} of {Mechanical} {Engineering} {Report} },
   NUMBER      = { 2004/10 },
   ANNOTE      = {}
   }

@TECHREPORT { jacobs_2004b,
   AUTHOR      = { Jacobs, P. A. },
   TITLE       = { Databox Manager: Device driver and user interface software. },
   INSTITUTION = { The University of Queensland },
   ADDRESS     = { Brisbane, Australia. },
   YEAR        = { 2005 },
   MONTH       = { January },
   TYPE        = { {Department} of {Mechanical} {Engineering} {Report} },
   NUMBER      = { 2004/14 },
   ANNOTE      = {}
   }

@ARTICLE { mcintyre_etal_2004a,
   AUTHOR  = { McIntyre, T. J. and Lourel, I. and Eichmann, T. N. and
               Morgan, R. G. and Jacobs, P. A. and Bishop, A. I. },
   TITLE   = { An experimental expansion tube study of the flow over 
               a toroidal ballute. },
   JOURNAL = aiaajsr,
   YEAR    = { 2004 },
   VOLUME  = { 41 },
   NUMBER  = { 5 },
   PAGES   = { 716--725 },
   ANNOTE  = { identical to mcintyre_etal_2002a }
   }


-------------- 2005 --------------------

@INPROCEEDINGS { scott_etal_2005a,
   AUTHOR    = { Scott, M. P. and Morgan, R. G. and Jacobs, P. A. },
   TITLE     = { A New Single Stage Driver for the {X2} Expansion Tube. },
   BOOKTITLE = { 43rd AIAA Aerospace Science Meeting and Exhibit },
   EDITOR    = {},
   YEAR      = { 2005 },
   MONTH     = { January },
   SERIES    = { AIAA-Paper-2005-0697 },
   PUBLISHER = { American Institute of Aeronautics and Astronautics },
   ADDRESS   = {},
   ISBN      = {},
   ANNOTE    = {}
   }

@INPROCEEDINGS { jacobs_etal_2005a,
   AUTHOR    = { Jacobs, P. A. and Silvester, T. B. and Morgan, R. G. and 
                 Scott, M. P. and Gollan, R. J. and McIntyre, T. J. },
   TITLE     = { Superorbital expansion tube operation: Estimates of flow conditions
                 via numerical simulation. },
   BOOKTITLE = { 43rd AIAA Aerospace Science Meeting and Exhibit },
   EDITOR    = {},
   YEAR      = { 2005 },
   MONTH     = { January },
   SERIES    = { AIAA-Paper-2005-0694 },
   PUBLISHER = { American Institute of Aeronautics and Astronautics },
   ADDRESS   = {},
   ISBN      = {},
   ANNOTE    = {}
   }

@INPROCEEDINGS { denman_etal_2005a,
   AUTHOR    = { Denman, A. J. and Jacobs, P. A. and Mee, D. J. },
   TITLE     = { Compressible, Turbulent Flow with Boundary-Layer Heat Addition. },
   BOOKTITLE = { 43rd AIAA Aerospace Science Meeting and Exhibit },
   EDITOR    = {},
   YEAR      = { 2005 },
   MONTH     = { January },
   SERIES    = { AIAA-Paper-2005-1097 },
   PUBLISHER = { American Institute of Aeronautics and Astronautics },
   ADDRESS   = {},
   ISBN      = {},
   ANNOTE    = {}
   }

@ARTICLE { scott_etal_2005b,
   AUTHOR  = { Scott, M. P. and Jacobs, P. A. and Morgan, R. G. },
   TITLE   = { One-dimensional modelling of the new configuration 
               of the {X2} expansion tube. },
   JOURNAL = { Shock Waves },
   YEAR    = { 2005 },
   VOLUME  = { submitted },
   NUMBER  = {},
   PAGES   = {},
   ANNOTE  = {}
   }

@INPROCEEDINGS { hankel_etal_2005a,
   AUTHOR    = { Hankel, M. and Gollan, R. J. and Denman, A. J. and
                 Jacobs, P. A. and Smith, S. C. },
   TITLE     = { The {UQ} Computational Science Compute Facility: 
                 Experiences of a research group operating 
                 a cluster facility. },
   BOOKTITLE = { LCA2005 Linux Clustering Mini-Conference },
   EDITOR    = {},
   YEAR      = { 2005 },
   MONTH     = { April },
   PAGES     = {},
   PUBLISHER = {},
   ADDRESS   = { Canberra, Australia },
   ISBN      = {},
   ANNOTE    = {}
   }

@ARTICLE { stalker_etal_2005a,
   AUTHOR  = { Stalker, R. J. and Paull, A. and Mee, D. J. and 
               Morgan, R. G. and Jacobs, P. A. },
   TITLE   = { Scramjets and shock tunnels -- The {Queensland} experience. },
   JOURNAL = { Progress in Aerospace Sciences },
   YEAR    = { 2005 },
   VOLUME  = { 41 },
   NUMBER  = {},
   PAGES   = { 471--513 },
   ANNOTE  = {}
   }

@INPROCEEDINGS { raghunath_etal_2005a,
   AUTHOR    = { Raghunath, S. and Mee, D. J. and R\"{o}sgen, T. and 
                 Jacobs, P. A. },
   TITLE     = { Background oriented schlieren for flow visualisation 
                 in shock tunnels. },
   BOOKTITLE = { The 25th International Symposium on Shock Waves -- ISSW25 },
   EDITOR    = { Reddy, K. P. J. },
   YEAR      = { 2005 },
   MONTH     = { July },
   PAGES     = {},
   PUBLISHER = { Indian Institute of Science },
   ADDRESS   = { Bangalore, India },
   ISBN      = {},
   ANNOTE    = {}
   }

@INPROCEEDINGS { mcgilvray_etal_2005a,
   AUTHOR    = { McGilvray, M. and Morgan, R. G. and Paull, A. and 
                 Abdel-Jawad, M. M. and Jacobs, P. A. and McIntyre, T. J. },
   TITLE     = { Operating condition in {UQ}'s impulse facilities 
                 for scramjet testing. },
   BOOKTITLE = { The 25th International Symposium on Shock Waves -- ISSW25 },
   EDITOR    = { Reddy, K. P. J. },
   YEAR      = { 2005 },
   MONTH     = { July },
   PAGES     = {},
   PUBLISHER = { Indian Institute of Science },
   ADDRESS   = { Bangalore, India },
   ISBN      = {},
   ANNOTE    = {}
   }

@TECHREPORT { jacobs_2005a,
   AUTHOR      = { Jacobs, P. A. },
   TITLE       = { Using l\_script to define {L1d} simulations. },
   INSTITUTION = { The University of Queensland },
   ADDRESS     = { Brisbane, Australia. },
   YEAR        = { 2005 },
   MONTH       = { July },
   TYPE        = { {Department} of {Mechanical} {Engineering} {Report} },
   NUMBER      = { 2005/09 },
   ANNOTE      = {}
   }

@TECHREPORT { jacobs_2005b,
   AUTHOR      = { Jacobs, P. A. },
   TITLE       = { Using scriptit.py to define {MB\_CNS} simulations. },
   INSTITUTION = { The University of Queensland },
   ADDRESS     = { Brisbane, Australia. },
   YEAR        = { 2005 },
   MONTH       = { July },
   TYPE        = { {Department} of {Mechanical} {Engineering} {Report} },
   NUMBER      = { 2005/10 },
   ANNOTE      = {}
   }

@INPROCEEDINGS { mcgilvray_etal_2005b,
   AUTHOR    = { McGilvray, M. and Teakle, P. and Jacobs, P. A. and
                 Morgan, M. },
   TITLE     = { Geometrical Nozzle Design for Wagtail Rockets. },
   BOOKTITLE = { 5th Australian Space Science Conference },
   EDITOR    = {},
   YEAR      = { 2005 },
   MONTH     = { September },
   PAGES     = {},
   PUBLISHER = { National Space Society of Australia },
   ADDRESS   = {},
   ISBN      = {},
   ANNOTE    = {}
   }

@TECHREPORT { jacobs_mcgilvray_2005a,
   AUTHOR      = { Jacobs, P. A. and McGilvray, M. },
   TITLE       = { {MECH4470} lecture notes on hypersonics. },
   INSTITUTION = { The University of Queensland },
   ADDRESS     = { Brisbane, Australia. },
   YEAR        = { 2005 },
   MONTH       = { September },
   TYPE        = { {Department} of {Mechanical} {Engineering} {Report} },
   NUMBER      = { 2005/14 },
   ANNOTE      = {}
   }

@TECHREPORT { jacobs_2005c,
   AUTHOR      = { Jacobs, P. A. },
   TITLE       = { Elements of Python Programming. },
   INSTITUTION = { The University of Queensland },
   ADDRESS     = { Brisbane, Australia. },
   YEAR        = { 2005 },
   MONTH       = { September },
   TYPE        = { {Department} of {Mechanical} {Engineering} {Report} },
   NUMBER      = { 2005/16 },
   ANNOTE      = {}
   }

@INPROCEEDINGS { jacobs_2005d,
   AUTHOR    = { Jacobs, P. A. },
   TITLE     = { University of Queensland research activities 
                 in hypersonic flows. },
   BOOKTITLE = { Australian Association of von Humboldt Fellows: 
                 Eleventh Biennial Conference },
   EDITOR    = {},
   YEAR      = { 2005 },
   MONTH     = { September },
   PAGES     = {},
   PUBLISHER = {},
   ADDRESS   = {},
   ISBN      = {},
   ANNOTE    = {}
   }

@ARTICLE { sun_etal_2005a,
   AUTHOR  = { Sun, M. and Saito, T. and Jacobs, P.A. and
               Timofeev, E. V. and Ohtani, K. and Takayama, K. },
   TITLE   = { Axisymmetric shock wave interaction with a cone: a benchmark test. },
   JOURNAL = { Shock Waves },
   YEAR    = { 2005 },
   VOLUME  = { 14 },
   NUMBER  = { 5 },
   PAGES   = { 313--331 },
   ANNOTE  = {}
   }

@INPROCEEDINGS { petrie-repar_etal_2005a,
   AUTHOR    = { Petrie-Repar, P. J. and McGhee, A. and Jacobs, P. A. and
                 Gollan, R. },
   TITLE     = { Analytical maps of aerodynamic damping as a function of 
                 operating condition for a compressor profile. },
   BOOKTITLE = { ASME Turbo Expo 2006 },
   EDITOR    = {},
   YEAR      = { 2006 },
   MONTH     = {},
   PAGES     = { GT2006-90829 },
   PUBLISHER = { ASME },
   ADDRESS   = {},
   ISBN      = {},
   ANNOTE    = {}
   }

------------------ 2006 --------------------------


@ARTICLE { goozee_etal_2006a,
   AUTHOR  = { Gooz\'{e}e, R. J. and Jacobs, P. A. and Buttsworth, D. R. },
   TITLE   = { Simulation of a complete reflected shock tunnel showing a vortex
               mechanism for flow contamination. },
   JOURNAL = { Shock Waves },
   YEAR    = { 2006 },
   VOLUME  = { 15 },
   NUMBER  = { 3-4 },
   PAGES   = { 165--176 },
   ANNOTE  = { same as goozee_etal_2003a }
   }

@INPROCEEDINGS { morgan_etal_2006a,
   AUTHOR    = { Morgan, R. G. and McIntyre, T. J. and Gollan, R. J. and 
                 Jacobs, P. A. and Brandis, A. and McGilvray, M. and
                 van Diem, D. and Gnoffo, P. and Pulsonetti, M. and Wright, M. },
   TITLE     = { Radiation measurements in nonreflected shock tunnels. },
   BOOKTITLE = { 25th AIAA Aerodynamic Measurement Technology and
                 Ground Testing Conference },
   EDITOR    = {},
   YEAR      = { 2006 },
   MONTH     = { June },
   SERIES    = { AIAA-Paper-2006-2958 },
   PUBLISHER = { American Institute of Aeronautics and Astronautics },
   ADDRESS   = {},
   ISBN      = {},
   ANNOTE    = {}
   }

@INPROCEEDINGS { brandis_etal_2006a,
   AUTHOR    = { Brandis, A. and Gollan, R. J. and Scott, M. and Morgan, R. G. and 
                 Jacobs, P. A. and Gnoffo, P. },
   TITLE     = { Expansion tube operating conditions for studying non-equilibrium
                 radiation relevant to {Titan} aerocapture. },
   BOOKTITLE = { 42nd AIAA/ASME/SAE/ASEE Joint Propulsion Conference and Exhibit },
   EDITOR    = {},
   YEAR      = { 2006 },
   MONTH     = { July },
   SERIES    = { AIAA-Paper-2006-4517 },
   PUBLISHER = { American Institute of Aeronautics and Astronautics },
   ADDRESS   = {},
   ISBN      = {},
   ANNOTE    = {}
   }

@ARTICLE { mundt_etal_2006a,
   AUTHOR  = { Mundt, Ch. and Boyce, R. and Jacobs, P. A. and Hannemann, K. },
   TITLE   = { Validation study of numerical simulations by comparison to measurements
               in piston-driven shock tunnels. },
   JOURNAL = { Shock Waves },
   YEAR    = { submitted 2005 },
   VOLUME  = { accepted, July 2006 },
   NUMBER  = { },
   PAGES   = {},
   ANNOTE  = {}
   }

@INPROCEEDINGS { morgan_etal_2006b,
   AUTHOR    = { Morgan, R. G. and McIntyre, T. J. and Jacobs, P. A. and
                 Buttsworth, D. R. and Macrossan, M. N. and Gollan, R. J. and
                 Capra, B. R. and Brandis, A. M. and Potter, D. and Eichmann, T. and
                 Jacobs, C. M. and McGilvray, M. and van Diem, D. and Scott, M. P. },
   TITLE     = { Impulse facility simulation of hypervelocity radiating flows. },
   BOOKTITLE = { Radiation of High Temperature Gases, ESA SP-629 },
   EDITOR    = { Wilson, A. },
   YEAR      = { 2006 },
   MONTH     = { September },
   PAGES     = {},
   PUBLISHER = { ESA },
   ADDRESS   = {},
   ISBN      = {},
   ANNOTE    = {}
   }

@ARTICLE { raghunath_etal_2006a,
   AUTHOR  = { Raghunath, S. and  Ramanah, D. and Mee, D. J. and Roesgen, T. and Jacobs, P. A. },
   TITLE   = { Background oriented schlieren for flow visualisation in hypersonic impulse facilities },
   JOURNAL = { Shock Waves },
   YEAR    = { 2006 },
   VOLUME  = { submitted },
   NUMBER  = {},
   PAGES   = {},
   ANNOTE  = {}
   }

@INPROCEEDINGS { petrierepar_etal_2006a,
   AUTHOR    = { Petrie-Repar, P. J. and McGhee, A. M. and Jacobs, P. A. and Gollan, R. J.},
   TITLE     = { Analytical maps of aerodynamic damping as a function of operating condition
                 for a compressor profile. },
   BOOKTITLE = { ASME TURBO EXPO },
   EDITOR    = {},
   YEAR      = { 2006 },
   MONTH     = { May },
   PAGES     = { GT2006-90829 },
   PUBLISHER = {},
   ADDRESS   = {},
   ISBN      = {},
   ANNOTE    = {}
   }

@INPROCEEDINGS { petrierepar_etal_2006b,
   AUTHOR    = { Petrie-Repar, P. J. and McGhee, A. M. and Jacobs, P. A. },
   TITLE     = { Viscous flutter analysis of a three-dimensional compressor blade. },
   BOOKTITLE = { International Symposium on Unsteady Aerodynamics, Aeroacoustics and 
                 Aeroelasticity of Turbomachines (ISUAAAT) },
   EDITOR    = {},
   YEAR      = { 2006 },
   MONTH     = { September },
   PAGES     = {},
   PUBLISHER = {},
   ADDRESS   = {},
   ISBN      = {},
   ANNOTE    = {}
   }

@INPROCEEDINGS { petrierepar_etal_2007a,
   AUTHOR    = { Petrie-Repar, P. J. and McGhee, A. M. and Jacobs, P. A. },
   TITLE     = { Three-dimensional viscous flutter analysis of Standard Configuration 10. },
   BOOKTITLE = { ASME TURBO EXPO },
   EDITOR    = {},
   YEAR      = { 2007 },
   MONTH     = { May },
   PAGES     = { GT2007-27800 },
   PUBLISHER = {},
   ADDRESS   = {},
   ISBN      = {},
   ANNOTE    = {}
   }

@INPROCEEDINGS { dann_etal_2006a,
   AUTHOR    = { Dann, A. and Denman, A. W. and Jacobs, P. A. and Morgan, R. G. },
   TITLE     = { Study of separating compressible turbulent boundary-layers. },
   BOOKTITLE = { 14th AIAA/AHI Space Planes and Hypersonic Systems and Technologies Conference },
   EDITOR    = {},
   YEAR      = { 2006 },
   MONTH     = { November },
   PAGES     = { AIAA-2006-7943 },
   PUBLISHER = { American Institute of Aeronautics and Astronautics },
   ADDRESS   = {},
   ISBN      = {},
   ANNOTE    = {}
   }

@INPROCEEDINGS { buttsworth_etal_2006a,
   AUTHOR    = { Buttsworth, D. R. and Goozee, R. J. and Jacobs, P. A. },
   TITLE     = { Measurement and simulation of the interface in a low-enthalpy shock tunnel. },
   BOOKTITLE = { 14th AIAA/AHI Space Planes and Hypersonic Systems and Technologies Conference },
   EDITOR    = {},
   YEAR      = { 2006 },
   MONTH     = { November },
   PAGES     = { AIAA-2006-8108 },
   PUBLISHER = { American Institute of Aeronautics and Astronautics },
   ADDRESS   = {},
   ISBN      = {},
   ANNOTE    = {}
   }

@INPROCEEDINGS { mcgilvray_etal_2006a,
   AUTHOR    = { McGilvray, M. and Jacobs, P. A. and Morgan, R. G. },
   TITLE     = { Simulations of scramjet starting and establishment time in an expansion tube. },
   BOOKTITLE = { 14th AIAA/AHI Space Planes and Hypersonic Systems and Technologies Conference },
   EDITOR    = {},
   YEAR      = { 2006 },
   MONTH     = { November },
   PAGES     = { AIAA-2006-8143 },
   PUBLISHER = { American Institute of Aeronautics and Astronautics },
   ADDRESS   = {},
   ISBN      = {},
   ANNOTE    = {}
   }

@TECHREPORT { jacobs_2006a,
   AUTHOR      = { Jacobs, P. A. },
   TITLE       = { {MBCNS2} Example Book. },
   INSTITUTION = { The University of Queensland },
   ADDRESS     = { Brisbane, Australia. },
   YEAR        = { 2006 },
   MONTH       = { February-December },
   TYPE        = { {Department} of {Mechanical} {Engineering} {Report} },
   NUMBER      = { 2006/02 },
   ANNOTE      = {}
   }

------------------ 2007 --------------------------

@INPROCEEDINGS { mcgilvray_etal_2007a,
   AUTHOR    = { McGilvray, M. and Jacobs, P. A. and Morgan, R. G. and Ramanah, D. },
   TITLE     = { Boundary layer transition in an expansion tube 
                 at a low enthalpy operating condition. },
   BOOKTITLE = { 45th AIAA Aerospace Sciences Meeting and Exhibit },
   EDITOR    = {},
   YEAR      = { 2007 },
   MONTH     = { January },
   PAGES     = { AIAA-2007-1328 },
   PUBLISHER = { American Institute of Aeronautics and Astronautics },
   ADDRESS   = {},
   ISBN      = {},
   ANNOTE    = {}
   }

@TECHREPORT { jacobs_etal_2007a,
   AUTHOR      = { Jacobs, P. A. and Denman, A. W. and Gollan, R. J. },
   TITLE       = { The {Elmer} {Code}: theory and implementation of
                   a compressible flow solver. },
   INSTITUTION = { The University of Queensland },
   ADDRESS     = { Brisbane, Australia. },
   YEAR        = { 2007 },
   MONTH       = { February },
   TYPE        = { {Department} of {Mechanical} {Engineering} {Report} },
   NUMBER      = { 2007/01 },
   ANNOTE      = {}
   }

@TECHREPORT { jacobs_etal_2007b,
   AUTHOR      = { Jacobs, P. A. and Gollan, R. J. and Denman, A. W. },
   TITLE       = { The {Elmer} {Code}: user guide and example book. },
   INSTITUTION = { The University of Queensland },
   ADDRESS     = { Brisbane, Australia. },
   YEAR        = { 2007 },
   MONTH       = { February },
   TYPE        = { {Department} of {Mechanical} {Engineering} {Report} },
   NUMBER      = { 2007/02 },
   ANNOTE      = {}
   }

@TECHREPORT { jacobs_2007a,
   AUTHOR      = { Jacobs, P. A. },
   TITLE       = { Rough notes on programming {AVR} microcontrollers in {C}. },
   INSTITUTION = { The University of Queensland },
   ADDRESS     = { Brisbane, Australia. },
   YEAR        = { 2007 },
   MONTH       = { March },
   TYPE        = { {Department} of {Mechanical} {Engineering} {Report} },
   NUMBER      = { 2007/04 },
   ANNOTE      = {}
   }

@TECHREPORT { jacobs_2007b,
   AUTHOR      = { Jacobs, P. A. },
   TITLE       = { A simple data logger for student-designed rocket experiments. },
   INSTITUTION = { The University of Queensland },
   ADDRESS     = { Brisbane, Australia. },
   YEAR        = { 2007 },
   MONTH       = { March },
   TYPE        = { {Department} of {Mechanical} {Engineering} {Report} },
   NUMBER      = { 2007/05 },
   ANNOTE      = {}
   }

@TECHREPORT { jacobs_2007c,
   AUTHOR      = { Jacobs, P. A. },
   TITLE       = { The {BCD} transient recorder revisited: firmware for 
                   the {ISA-to-USB} bridging card and software for the 
                   graphical user interface. },
   INSTITUTION = { The University of Queensland },
   ADDRESS     = { Brisbane, Australia. },
   YEAR        = { 2007 },
   MONTH       = { March },
   TYPE        = { {Department} of {Mechanical} {Engineering} {Report} },
   NUMBER      = { 2007/06 },
   ANNOTE      = {}
   }

------------------- maybe someday ----------------


@ARTICLE { faddy_jacobs_2001a,
   AUTHOR  = { Faddy, J. M. and Jacobs, P. A. },
   TITLE   = { Simulation of shock/vortex interaction in flow around a 
               90 degree bend. },
   JOURNAL = { in preparation },
   YEAR    = { 2004 },
   VOLUME  = {},
   NUMBER  = {},
   PAGES   = {},
   ANNOTE  = {}
   }


@TECHREPORT { craddock_etal_99a,
   AUTHOR      = { Craddock, C. S. and Jacobs, P. A. and Austin, J. and
                   White, S. },
   TITLE       = { Design of axisymmetric and square-section 
                   shock-tunnel nozzles. },
   INSTITUTION = {},
   ADDRESS     = {},
   YEAR        = { 1998 },
   MONTH       = { January },
   TYPE        = { AIAA Paper },
   NUMBER      = { 98-???? },
   ANNOTE      = { * Reno meeting, Jan 1998, cancelled }
   }

@TECHREPORT { jacobs_lavery_9xa,
   AUTHOR      = { Jacobs, P. A. and Lavery, I. },
   TITLE       = { Nitrogen driver gas in a free-piston shock tunnel. },
   INSTITUTION = { The University of Queensland },
   YEAR        = { 1995 },
   TYPE        = { Department of Mechanical Engineering Report },
   NUMBER      = { x/97 },
   ADDRESS     = { Brisbane, Australia },
   ANNOTE      = { This may NEVER happen!!! }
   }

@TECHREPORT {jacobs_91c,
   AUTHOR = {Jacobs, P. A.},
   TITLE = {Contour-dynamic simulation of spatially developing shear layers.},
   INSTITUTION = {},
   YEAR = {1991},
   TYPE = { on hold forever },
   NUMBER = {},
   ADDRESS = {},
   ANNOTE = {}
   }


@TECHREPORT {jacobs_89c,
   AUTHOR = {Jacobs, P. A.},
   TITLE = {A {Mach} 8 nozzle for the {T4} shock tunnel.},
   INSTITUTION = {University of Queensland},
   YEAR = {1989},
   TYPE = {Department of Mechanical Engineering Report},
   NUMBER = {12/89},
   ADDRESS = {},
   ANNOTE = {* Mech Eng / NASA report ??}
   }

