@article{reynolds1979thermodynamic,
  title={Thermodynamic properties in SI},
  author={Reynolds, W.C.},
  journal={published by Department of Mechanical Engineering, Stanford University, Stanford, CA},
  year={1979}
}

@book{span2000multiparameter,
  title={Multiparameter Equations of State: an accurate source of thermodynamic property data},
  author={Span, R.},
  year={2000},
  publisher={Springer Verlag}
}

@book{sengers2000equations,
  title={Equations of State for Fluids and Fluid Mixtures},
  author={Sengers, J.V. and Kayser, R.F. and Peters, C.J. and White Jr., H.J.},
  volume={V},
  year={2000},
  publisher={Elsevier}
}

@article{lemmon2002nist,
  title={NIST Reference Fluid Thermodynamic and Transport Properties--REFPROP},
  author={Lemmon, E.W. and Huber, M.L. and McLinden, M.O.},
  journal={NIST standard reference database},
  volume={23},
  year={2002}
}

@inproceedings{bender1970equations,
  title={Equations of state exactly representing the phase behavior of pure substances},
  author={Bender, E.},
  booktitle={Proceedings of the Fifth Symposium on Thermophys. Prop., ASME, New York},
  year={1970}
}

@article{bender1975equations,
  title={Equations of state for ethylene and propylene},
  author={Bender, E.},
  journal={Cryogenics},
  volume={15},
  number={11},
  pages={667--673},
  year={1975},
  publisher={Elsevier}
}

@article{platzer1990thermophysical,
  title={Thermophysical properties of refrigerants},
  author={Platzer, B. and Maurer, G. and Polt, A.},
  year={1990},
  publisher={New York, NY (USA); Springer-Verlag New York Inc.}
}

@article{polt1992bender,
  title={The Bender equation of state for describing thermodynamic properties of krypton, neon, fluorine, sulfur dioxide and water over a wide range of state},
  author={Polt, A. and Maurer, G.},
  journal={Fluid phase equilibria},
  volume={73},
  number={1},
  pages={27--38},
  year={1992},
  publisher={Elsevier}
}

@article{sievers1980equation,
  title={An equation of state for methane in the form of Bender's equation for temperatures between 91 K and 625 K and pressures up to 500 bar},
  author={Sievers, U. and Schulz, S.},
  journal={Fluid Phase Equilibria},
  volume={5},
  number={1-2},
  pages={35--54},
  year={1980},
  publisher={Elsevier}
}

@article{mclinden1989measurement,
  title={Measurement and formulation of the thermodynamic properties of refrigerants 134a (1, 1, 1, 2-tetrafluoroethane) and 123 (1, 1-Dicholor-2, 2, 2-trifluoroethane)},
  author={McLinden, M.O. and Gallagher, JS and Weber, LA and Morrison, G. and Ward, D. and Goodwin, ARH and Moldover, MR and Schmidt, JW and Chae, HB and Bruno, TJ and others},
  journal={ASHRAE Transactions (American Society of Heating, Refrigerating and Air-Conditioning Engineers);(USA)},
  volume={95},
  number={CONF-890609--},
  year={1989}
}

@article{huber1992thermodynamic,
  title={Thermodynamic Properties of R134a (1, 1, 1, 2-tetrafluoroethane)},
  author={Huber, ML and McLinden, MO},
  year={1992}
}

@article{outcalt1995equations,
  title={Equations of state for the thermodynamic properties of R32 (difluoromethane) and R125 (pentafluoroethane)},
  author={Outcalt, SL and McLinden, MO},
  journal={International journal of thermophysics},
  volume={16},
  number={1},
  pages={79--89},
  year={1995},
  publisher={Springer}
}

@article{outcalt1996modified,
  title={A modified Benedict-Webb-Rubin equation of state for the thermodynamic properties of R152a (1, 1-difluoroethane)},
  author={Outcalt, S.L. and McLinden, M.O.},
  journal={Journal of Physical and Chemical Reference Data},
  volume={25},
  number={2},
  pages={605--636},
  year={1996},
  publisher={[New York, etc.]: American Chemical Society, 1972-}
}

@article{outcalt1997equation,
  title={An equation of state for the thermodynamic properties of R143a (1, 1, 1-trifluoroethane)},
  author={Outcalt, SL and McLinden, MO},
  journal={International journal of thermophysics},
  volume={18},
  number={6},
  pages={1445--1463},
  year={1997},
  publisher={Springer}
}

@article{jacobsen1973thermodynamic,
  title={{Thermodynamic properties of nitrogen including liquid and vapor phases from 63K to 2000K with pressures to 10,000 bar}},
  author={Jacobsen, R.T. and Stewart, R.B.},
  journal={Journal of Physical and Chemical Reference Data},
  volume={2},
  pages={757},
  year={1973}
}
