@Book{sonntag_etal_1998,
  author = {Sonntag, R.E. and Borgnakke, C. and van Wylen, G.J.},
  title = {Fundamentals of Thermodynamics},
  publisher = {John Wiley \& Sons},
  year = {1998},
  address = {New York},
  edition = {5th}
}

@Book{cengel_boles_1998,
  author = {\c{C}engel, Y.A. and Boles, M.A.},
  title = {Thermodynamics: an Engineering Approach},
  publisher = {McGraw-Hill},
  year = {1998},
  address = {USA},
  edition = {3rd}
}

@TechReport{mcbride_gordon_1996,
  author = {McBride, B. J. and Gordon, S.},
  title = {Computer Program for Calculation of Complex Chemical Equilibrium Compositions and Applications. {Part 2}: Users Manual and Program Description},
  institution =  {NASA},
  year = {1996},
  type = {Reference Publication},
  number = {1311}
}

@Book{white_2006,
  author = {White, F. M.},
  title = {Viscous Fluid Flow},
  publisher = {McGraw-Hill},
  year = {2006},
  address = {New York},
  edition = {3rd}
}
