@article{gilbert_etal_1983,
  title = {{Theory of thermal unimolecular reactions in the fall-off range. II. Weak collision rate constants}},
  author = {Gilbert, R. G. and Luther, K. and Troe, J.},
  journal = {Berichte der Bunsengesellschaft für physikalische Chemie},
  volume = {87},
  number = {2},
  publisher = {Verlag},
  year = {1983},
  pages = {169--177},
  keywords = {methane, decomposition, pressuredependent}
}
