@TechReport{gordon_mcbride_1994,
  author = {Gordon, S. and McBride, B. J.},
  title = {Computer Program for Calculation of Complex Chemical Equilibrium Compositions and Applications. Part 1: Analysis},
  institution =  {NASA},
  year = {1994},
  type = {Reference Publication},
  number = {1311}
}

@TechReport{mcbride_gordon_1996,
  author = {McBride, B. J. and Gordon, S.},
  title = {Computer Program for Calculation of Complex Chemical Equilibrium Compositions and Applications. Part 2: Users Manual and Program Description},
  institution =  {NASA},
  year = {1996},
  type = {Reference Publication},
  number = {1311}
}
